4685 5991
1139 1646 1559 1752 Symbolae
1612 1649 1708 1731 ad
1760 1656 1983 1730 vitam
2041 1650 2397 1756 Gregorii
2458 1648 2896 1731 Haloandri.

2388 1992 2455 2045 In
2493 1989 2713 2061 magnis
2750 1995 2808 2044 et
2842 1988 3072 2043 minima
3109 2003 3256 2041 curo.

841 2295 1166 2387 Gregorii
1220 2294 1598 2366 Haloandri
1656 2299 1948 2388 ejusque
2001 2301 2071 2367 in
2112 2294 2736 2392 jurisprudentiam
2795 2296 3199 2365 meritorum
3249 2314 3396 2363 me-

638 2419 858 2486 moria
932 2437 1022 2485 ne
1093 2413 1451 2485 oblivione
1523 2438 1823 2510 unquam
1897 2414 2273 2512 obruatur,
2356 2421 2583 2512 ipsum
2659 2418 2991 2510 optimum
3063 2408 3394 2482 habemus

634 2535 1007 2605 vindicem.
1135 2534 1357 2621 Quum
1434 2539 1615 2606 enim
1700 2541 1769 2607 in
1844 2534 2156 2629 Digestis
2238 2537 2669 2629 reliquisque
2743 2534 3123 2606 ,Iustiniani
3195 2529 3392 2601 libris

637 2653 925 2726 edendis
996 2658 1179 2724 inter
1245 2655 1450 2726 medii
1519 2659 1679 2725 aevi
1730 2654 2290 2728 Jurisconsultos
2359 2662 2623 2751 primus
2699 2657 3048 2724 exstiterit
3111 2654 3422 2721 criticae

641 2785 712 2845 et
765 2773 1174 2845 emendatae
1232 2778 1663 2846 recensionis
1709 2779 2136 2848 instaurator
2177 2788 2245 2848 et
2298 2776 2624 2870 exemplo
2681 2797 2808 2847 suo
2867 2769 3250 2868 permultos
3308 2767 3392 2838 ad

636 2895 887 2965 similia
957 2894 1183 2963 studia
1257 2897 1717 2981 excitaverit,
1790 2892 2110 2988 profecto
2187 2918 2326 2966 non
2401 2905 2510 2966 est
2563 2894 2743 2990 quod
2821 2896 3187 2984 miremur,
3251 2895 3395 2959 tum

637 3014 1031 3108 aequalium
1104 3024 1247 3083 tum
1302 3024 1745 3107 posterorum
1820 3013 2143 3085 laudibus
2211 3037 2467 3085 nomen
2536 3016 2689 3104 ejus
2765 3033 2986 3104 aeque
3056 3005 3396 3080 celebrari

633 3144 705 3205 et
777 3134 861 3205 ad
937 3115 1365 3204 lucidissima
1437 3136 1504 3204 in
1566 3133 1696 3204 hoc
1750 3156 2013 3230 genere
2071 3138 2267 3226 quasi
2325 3132 2555 3204 sidera
2624 3156 2663 3205 a
2717 3133 3158 3226 gravissimis
3206 3127 3398 3220 judi-

634 3253 830 3325 cibus
878 3253 1242 3342 referri.¹)

834 3375 1276 3468 Quapropter
1310 3397 1493 3445 nunc
1548 3394 1689 3443 non
1742 3372 1807 3442 id
1866 3376 2165 3469 agimus,
2213 3384 2287 3444 ut
2338 3397 2516 3467 quae
2574 3373 2660 3444 ab
2720 3374 2877 3444 aliis
2936 3369 3021 3441 de
3070 3371 3209 3440 viri
3262 3370 3397 3437 im-

638 3495 951 3566 mortalis
1005 3500 1145 3567 vita
1204 3517 1287 3564 ac
1342 3497 1605 3564 meritis
1663 3493 1911 3563 tradita
1956 3494 2232 3588 sunt,²)
2307 3497 2600 3589 repetita
2658 3498 2858 3587 quasi
2915 3489 3391 3588 praelectione

639 3637 822 3684 nunc
878 3635 1400 3687 recenseamus,
1508 3611 1586 3682 In
1642 3634 1726 3682 eo
1781 3616 2011 3706 potius
2069 3619 2637 3706 acquiescemuS,
2707 3636 2886 3708 quae
2952 3612 3059 3683 illi
3114 3607 3398 3681 uberius

813 3866 872 3942 ¹)
917 3889 1021 3925 von
1066 3868 1346 3947 Langeun,
1394 3868 1655 3926 Melchior
1699 3889 1804 3925 von
1851 3869 1993 3927 Osse
2041 3869 2099 3931 S.
2156 3873 2246 3927 11.

811 3972 865 4045 ²)
913 3970 1062 4034 Quos
1110 3971 1543 4039 Hauboldus,
1591 3975 1714 4031 inst.
1764 3974 1800 4049 j.
1835 3973 1988 4030 Rom.
2036 3975 2172 4029 liter.
2222 3983 2348 4031 tom.
2398 3974 2438 4030 1.
2487 3995 2535 4050 p.
2569 3974 2668 4031 82.
2715 3985 2823 4033 not.
2859 3993 2925 4039 c.,
2959 3974 3171 4052 allegat,
3220 3976 3400 4049 scrip-

635 4075 837 4129 toribus
884 4094 953 4130 ex
1007 4079 1298 4130 recentiore
1344 4083 1579 4148 tempore
1628 4074 1854 4132 addendi
1903 4086 2056 4133 sunt:
2115 4076 2516 4134 Hauboldus
2561 4081 2696 4153 ipse,
2745 4077 2944 4153 Opusc.
3011 4077 3268 4138 Academ.
3314 4079 3396 4137 ed.

638 4175 857 4234 XVenk
902 4188 1026 4235 tom.
1061 4177 1103 4235 Ι.
1151 4198 1200 4254 p.
1246 4178 1388 4236 711.
1465 4178 1685 4257 Hugo,
1734 4177 1932 4236 Lebrb.
1979 4179 2072 4235 der
2105 4179 2430 4238 Geschicbte
2477 4180 2573 4238 des
2619 4185 2747 4238 ro'm.
2783 4180 2879 4237 Rs.
2924 4181 3397 4260 (Litterfirgesch.)

634 4279 698 4337 B.
730 4279 825 4339 Vl.
858 4281 913 4338 S.
950 4282 1073 4339 207
1102 4283 1175 4359 fg.
1226 4283 1307 4352 (3.
1341 4278 1541 4360 Ausg.)
1609 4283 1921 4360 savigny,
1971 4282 2169 4341 Gesch.
2209 4283 2258 4340 d.
2291 4288 2420 4341 riim.
2454 4283 2554 4342 Rs.
2586 4288 2656 4341 im
2690 4284 2885 4341 Mittel.
2931 4284 2996 4342 B.
3027 4285 3124 4343 vl.
3170 4279 3221 4362 ξ.
3261 4286 3400 4346 121.

635 4383 695 4441 S.
739 4384 863 4440 444
906 4386 943 4442 f.
1049 4387 1319 4453 Stobbe,
1381 4385 1582 4443 Gesch.
1642 4383 1694 4442 d.
1750 4384 1994 4445 deutsch.
2048 4385 2291 4461 quuell.
2348 4385 2654 4454 Abthl..11,
2704 4387 2762 4446 S.
2810 4387 2890 4445 36
2939 4388 3015 4466 fg.
3103 4386 3396 4458 Janseu,

634 4486 810 4543 Julius
857 4487 1019 4566 Pssug
1073 4493 1126 4545 in
1175 4488 1226 4546 d.
1273 4508 1441 4545 neuen
1488 4486 1742 4546 Mittbeil.
1798 4487 1850 4546 d.
1896 4487 2304 4548 Thau-sacha.
2352 4488 2597 4561 Vereins,
2644 4489 2709 4547 Β.
2753 4489 2835 4561 Χ,
2896 4488 3031 4547 auch
3075 4491 3399 4568 Separatab·

636 4590 801 4647 druck
850 4592 906 4650 S.
955 4591 1035 4648 24
1083 4592 1160 4669 fg.
1205 4611 1258 4648 u.
1309 4591 1388 4647 44
1432 4592 1508 4671 fg.
