4685 5991
2608 817 2695 886 18

1464 1018 1785 1112 Denique
1839 1020 1910 1123 in
1967 1023 2173 1091 tertio
2226 1018 2608 1092 Volumine
2658 1018 2959 1115 „libello
3016 1018 3601 1093 conclusionum“
3654 1042 3779 1092 seu
3832 1022 4027 1107 „Be-

1263 1136 1858 1225 schlusslmchel‘g
1915 1137 2097 1233 quod
2152 1143 2428 1235 incipit:

1463 1256 1946 1330 Reschlossen
1994 1259 2347 1351 Montays
2414 1260 2600 1331 nach
2653 1260 3006 1331 Mauricii
3057 1282 3244 1332 anno
3300 1259 3368 1332 di
3421 1260 3686 1336 XXVI.
3741 1261 4025 1354 Geqen-

1258 1381 1529 1471 wdirtiy
1600 1383 1870 1470 yewest
1940 1378 2536 1469 Buryermeister
2596 1380 2721 1451 Fr.
2787 1380 3166 1450 Hermann
3229 1379 3618 1471 Mulpfort,
3688 1382 4020 1472 Bul-yer-

1259 1502 1559 1571 mcister
1586 1498 1711 1571 Fr.
1730 1497 2179 1568 Laurentius
2208 1499 2758 1591 Bernsprunyk,
2798 1499 3219 1571 licentiatus
3260 1500 3614 1590 Geor-qius
3648 1501 4027 1572 Kommer-

1259 1624 1404 1690 stet
1419 1618 1499 1714 ¹),
1564 1617 1796 1707 Veydt
1846 1614 2361 1688 Reichenbaoh.
2424 1625 2553 1691 etc.

1361 1739 1623 1833 legitur
1673 1738 1796 1810 fol.
1853 1737 1902 1808 7
1954 1757 2208 1810 verso:

1463 1857 1950 1929 Baccalaurci
2030 1857 2364 1949 Greyorii
2449 1858 2760 1929 Meltzer

1465 1979 1786 2053 Welcher
1827 2002 2032 2052 mass
2088 1980 2241 2050 sich
2282 1980 2499 2050 Bacc.
2560 1980 2962 2072 Greqorius
3012 1978 3325 2050 Meltzer
3363 1999 3587 2070 yeqen
3643 1979 3800 2048 dem
3827 1978 4031 2049 Radt

1259 2120 1403 2171 von
1455 2120 1704 2190 weqen
1761 2100 1888 2171 des
1937 2098 2502 2191 qezwiesachten
2577 2099 3079 2189 stipendium,
3145 2100 3270 2170 des
3339 2099 3444 2169 Im
3510 2099 3640 2168 der
3678 2097 3874 2170 Radt
3945 2097 4032 2184 vs

1262 2221 1420 2292 ἄνει·
1452 2221 1593 2290 Jar
1641 2218 1816 2311 lanq
1865 2240 1954 2289 zv
2009 2219 2300 2288 reichen
2351 2225 2725 2313 κυρεεαῃτ,
2780 2218 3312 2305 verschrieben,
3361 2218 3502 2290 soll
3545 2239 3718 2288 man
3768 2218 4025 2289 lassen

1254 2341 1335 2409 in
1402 2339 1538 2410 das
1587 2338 1788 2408 Buch
1818 2337 1880 2433 ²)
1946 2339 2165 2408 dorin
2241 2359 2414 2408 man
2481 2336 2729 2424 zcicht,
2795 2337 3100 2407 welcher
3166 2358 3518 2410 maassen
3570 2339 3697 2408 des
3742 2338 4023 2409 Badies

1254 2459 1554 2551 yesinde
1602 2458 2128 2551 ufqenommen,
2181 2458 2490 2529 zeichen.
2550 2457 2756 2549 (sic.)

1466 2597 1544 2667 Si
1626 2595 1733 2667 his
1811 2596 2208 2689 explanatis
2265 2594 2741 2666 Haloandrum
2803 2605 3119 2667 nostrum
3191 2598 3541 2666 neminem
3606 2596 3818 2667 alium
3889 2598 4031 2666 nisi

1257 2715 1673 2787 Meltzerum
1738 2716 1930 2787 illum
2002 2717 2504 2806 conjiciamus,
2573 2714 2752 2785 baud
2820 2734 3124 2808 vereor⁷
3188 2735 3279 2784 ne
3333 2718 3448 2785 cui
3513 2714 3645 2787 boc
3697 2715 4031 2786 audacius

1257 2835 1602 2907 videatur.
1671 2836 1962 2907 Praeter
2015 2834 2143 2906 hos
2198 2838 2551 2928 nimirum,
2604 2856 2895 2927 quorum
2952 2836 3234 2905 nomina
3282 2837 3794 2930 recensuimus,
3849 2835 4030 2907 alios

1259 2956 1754 3053 stipendiarios
1810 2979 1903 3028 ex
1954 2956 2079 3029 illo
2152 2965 2470 3049 tempore
2545 2956 2617 3026 in
2676 2958 2851 3026 actis
2919 2955 3061 3028 illis
3117 2978 3260 3028 non
3313 2957 3758 3050 invenimus3
3812 2955 4029 3027 multo

1256 3080 1485 3149 minus
1541 3076 1875 3172 aliquem,
1947 3078 2065 3169 qui
2116 3075 2559 3169 Haloander‚
2626 3074 3022 3170 Hofmann⁷
3089 3074 3496 3162 Salzmann,
3567 3075 4024 3146 Tennemann

1255 3195 1372 3266 vel
1459 3195 1670 3266 simili
1749 3193 1891 3264 alio
1979 3196 2260 3265 nomine
2344 3192 2753 3289 appelletur.
2892 3194 3118 3280 Quum
3194 3203 3425 3282 autem
3496 3195 3567 3264 in
3637 3191 4024 3288 volumine,

1257 3314 1570 3388 secundo
1644 3314 1803 3410 loco
1861 3316 2109 3409 citato,
2170 3314 2696 3383 accuratissima
2763 3333 2930 3384 cura
2983 3335 3066 3383 ac
3122 3311 3504 3385 subtilitate
3551 3313 3637 3385 de
3693 3310 4015 3385 omnibus

1257 3432 1812 3528 erogationibus,
1868 3436 2151 3529 quaein
2191 3436 2475 3504 civitate
2510 3431 2773 3504 Zwicc.
2833 3441 2975 3502 tum
3010 3431 3476 3531 obvenerunt,
3532 3435 3710 3507 ratio
3739 3433 4014 3534 ,reddita

1257 3560 1384 3643 sit,
1442 3559 1687 3625 mirum
1760 3564 1828 3625 et
1878 3575 2053 3626 sane
2109 3551 2524 3624 incredibile
2579 3562 2793 3647 esset,
2848 3555 2909 3625 si
2965 3553 3051 3623 de
3108 3557 3449 3648 pecuniis,
3506 3574 3682 3646 quae
3734 3553 3821 3624 ad
3873 3553 4021 3625 Ha-

1256 3672 1627 3746 loandrum
1684 3674 2079 3770 redierunt,
2152 3674 2413 3745 nullam
2465 3675 2885 3744 mentionem
2946 3672 3196 3745 factam
3255 3683 3683 3769 putaremus.
3781 3675 4020 3744 Acce-

1259 3795 1376 3878 dit,
1459 3793 1642 3887 quod
1710 3796 1780 3864 in
1830 3792 2198 3865 Matricula
2256 3794 2603 3890 Lipsiensi
2673 3814 2800 3886 per
2861 3815 3084 3866 annos
3156 3793 3560 3867 1520—28
3631 3789 4019 3885 Gregorius

1256 3913 1555 3986 Meltzer
1614 3912 1923 4007 Cigneus
1980 3916 2362 4008 inscriptus
2419 3916 2702 3985 omnino
2756 3933 2898 3984 non
2951 3910 3309 4008 legitur³)‚
3362 3936 3498 3986 nec
3539 3913 4025 3985 Jurisconsul-

1255 4098 1361 4107 ——-

1440 4200 1497 4281 ¹)
1543 4204 1748 4261 Postea
1792 4203 1961 4264 Elect.
2010 4203 2251 4261 Mauritii
2302 4213 2355 4260 et
2400 4203 2666 4283 Augusti,
2712 4203 2977 4273 Fratrum,
3027 4195 3365 4262 consiliarius
3411 4205 3778 4265 fidelissimus·

1431 4319 1491 4397 2)
1546 4324 1664 4382 Nec
1717 4323 1856 4381 bunc
1908 4325 2122 4391 librum,
2182 4343 2352 4398 neque
2405 4328 2587 4400 priora
2641 4325 2914 4382 volumina
2969 4333 3203 4380 actorum
3258 4324 3326 4381 ad
3382 4325 3701 4399 stipendium
3772 4323 4023 4381 Schurtz-

1260 4427 1521 4483 antianum
1569 4431 1870 4501 spectantia
1896 4426 2195 4502 bucusque
2242 4426 2368 4483 mihi
2416 4428 2742 4501 perlustrare
2788 4426 2954 4483 licuit.

1434 4542 1496 4620 ³)
1545 4546 1801 4604 Semestri
1858 4551 2064 4603 aestivo
2114 4546 2279 4604 1522
2332 4547 2541 4621 quidem
2601 4547 2870 4624 Georgius
2918 4545 3145 4602 Meltzer
3204 4545 3268 4602 de
3317 4546 3566 4604 Keumitz
3614 4555 3869 4619 occurrit,
3931 4552 4019 4622 qui

1256 4657 1429 4705 autem
1461 4648 1564 4706 huc
1608 4650 1794 4706 referri
1842 4652 2040 4724 nequit,
2089 4668 2245 4724 quum
2294 4668 2463 4722 neque
2510 4669 2694 4705 nomen
2731 4649 3021 4727 Georgius,
3069 4667 3239 4722 neque
3285 4651 3411 4706 urbs
3461 4655 3633 4724 patria
3664 4653 4021 4728 congruat‘et
