4685 5991
2004 874 2096 947 19

562 1094 565 1097 ·
662 1084 776 1149 tus
813 1077 1019 1169 hujus
1070 1080 1374 1151 nominis
1412 1087 1620 1172 atque
1651 1080 1836 1174 aevi,
1893 1087 2222 1171 quantum
2252 1081 2429 1165 scio,
2483 1100 2774 1175 usquam
2826 1092 3429 1156 commemoratur.

664 1195 863 1284 Quod
910 1207 1168 1286 autem·
1196 1207 1481 1272 senatus
1532 1198 1887 1271 Zwiccav.
1956 1217 2214 1268 nomen
2268 1194 2774 1294 „Haloander“
2832 1221 2974 1271 non
3044 1199 3428 1298 adoptavit,

665 1316 1038 1411 quidquam
1092 1316 1498 1390 offensionis
1556 1315 1817 1387 habere
1872 1318 2140 1412 nequit,
2196 1339 2406 1409 quum
2460 1328 2531 1389 et
2583 1317 3036 1391 Neumannus
3101 1324 3432 1397 semestri

664 1439 940 1510 aestivo
989 1436 1184 1509 1521
1233 1434 1364 1511 sub
1412 1440 1694 1509 nomine
1730 1434 2059 1508 Neander
2088 1435 2163 1507 in
2220 1435 2454 1510 album
2503 1441 2984 1511 universitatis
3037 1439 3424 1535 Lipsiensis

666 1556 996 1630 redactus
1052 1560 1144 1629 sit
1196 1556 1511 1651 adeoque
1566 1554 2068 1629 celeberrimus
2138 1555 2260 1627 ille
2315 1553 2666 1652 Georgius
2719 1558 3107 1656 Agricola,
3183 1557 3301 1632 ubi
3356 1563 3429 1632 in

3641 57 4428 152 „ssffl

663 1681 839 1749 actis
894 1698 1107 1772 supra
1164 1676 1491 1770 allegatis
1539 1677 1693 1768 ejus
1734 1675 2064 1748 salarium
2112 1696 2240 1771 pro
2284 1699 2389 1749 ao.
2437 1677 2634 1751 1522
2686 1676 2762 1773 (l.
2803 1700 2862 1748 c.
2910 1677 3063 1750 Fol.
3103 1677 3239 1774 18)
3293 1699 3429 1751 ex·-
3543 1720 3564 1789 3
3667 1740 3672 1747 .

664 1818 959 1893 pensum
1014 1794 1355 1892 refertur,
1424 1794 1719 1892 „Georg
1772 1791 2086 1867 Bawer“
2156 1800 2573 1877 nominetur.
2679 1797 3000 1891 Denique
3065 1802 3193 1870 vix
3245 1818 3426 1894 opus

663 1926 795 2004 est,
831 1925 904 1989 ut
933 1916 1521 2010 demonstremus,
1555 1917 1788 1993 omnia
1822 1936 2002 2009 quae
2034 1935 2247 2009 supra
2292 1917 2377 1987 de
2408 1916 2810 1990 Haloandro
2850 1928 3094 1991 nostro
3129 1919 3427 2011 ejusque

660 2035 823 2109 fatis
871 2057 1095 2129 usque
1132 2034 1506 2106 a=reditum
1560 2056 1652 2106 ex
1690 2034 1893 2106 ltalia
1927 2040 2420 2132 exposuimuS,
2473 2036 2555 2108 ad
2600 2036 3014 2111 Meltzerum
3058 2035 3256 2108 illum
3307 2036 3418 2107 fa-

669 2156 928 2229 cillime
969 2156 1145 2228 trahi
1193 2178 1433 2252 posse,
1492 2158 1552 2226 si
1588 2163 1861 2250 tempus
1899 2165 2040 2227 tum
2074 2159 2583 2253 inscriptionis,
2621 2167 2762 2228 tum
2808 2156 3432 2252 baccalaureatuS,

666 2286 810 2348 tum
864 2280 937 2347 in
990 2274 1262 2348 Italiam
1319 2275 1681 2348 discessus
1737 2284 2178 2369 spectamus3
2232 2298 2367 2349 nec
2413 2280 2662 2348 mirum
2713 2288 2864 2374 est,
2919 2277 3102 2372 quod
3159 2275 3422 2348 Noster

663 2418 772 2468 ao.
821 2394 1019 2468 1523
1056 2396 1330 2468 dernum
1366 2399 1439 2467 in
1491 2416 1855 2466 numerum
1904 2395 2514 2491 stipendiariorum
2548 2408 2874 2493 receptus
2918 2399 3297 2492 invenitur,
3359 2396 3420 2467 si

660 2519 1026 2612 ponimns,
1095 2537 1254 2587 eum
1323 2536 1576 2586 annum
1650 2518 2106 2612 vicesimum,
2168 2519 2407 2611 qui-in
2460 2519 2928 2589 instrumento
2998 2514 3425 2587 fundationis

664 2640 1068 2733 requiritur,
1123 2639 1318 2731 prins
1373 2657 1514 2709 non
1569 2634 2064 2729 complevisse.

865 2772 1017 2860 Qua
1054 2783 1341 2868 propter
1391 2771 1875 2844 Haloandrum
1931 2770 2059 2844 sub
2114 2771 2461 2844 Meltzero
2516 2771 2737 2845 latere
2787 2778 2994 2846 etiam
3041 2783 3185 2844 tum
3232 2782 3426 2866 puta-
3551 2796 3558 2809 ‘

656 2896 910 2987 verim,
954 2897 1014 2964 si
1070 2892 1155 2965 de
1209 2897 1508 2987 ratione,
1556 2913 1760 2985 quam
1791 2890 2052 2990 Noster
2104 2897 2176 2964 in
2222 2892 2562 2964 vertendo
2606 2896 2887 2964 nomine
2941 2902 3225 2963 secutus
3282 2901 3420 2987 est,-

661 3011 828 3081 nihil
874 3008 1157 3106 probari
1205 3016 1450 3105 possit.
1559 3010 1698 3082 Sed
1744 3015 2145 3104 neutiquam
2200 3011 2493 3107 desunt,
2540 3034 2718 3105 quae
2773 3011 2903 3081 bac
2947 3014 3021 3081 in
3074 3032 3151 3081 re
3201 3009 3412 3084 nobis

658 3140 1101 3202 succurrunt.
1228 3128 1764 3202 Observandum
1828 3130 2013 3199 enim
2072 3140 2221 3226 est,
2296 3127 2516 3201 verba
2570 3129 2880 3201 Meltzer
2935 3140 3004 3201 et
3068 3128 3425 3225 Mdltzer,

547 3321 550 3326 ,
660 3249 722 3320 h.
756 3272 818 3320 e.
855 3254 946 3345 ie,
999 3253 1114 3343 qni
1145 3245 1465 3347 „Maltz“
1512 3258 1737 3344 parat,
1790 3268 1932 3319 non
1978 3250 2116 3320 nisi
2148 3271 2325 3321 sono
2374 3249 2672 3339 differre,
2711 3248 3003 3322 Graecis
3037 3260 3296 3338 autem,
3337 3260 3416 3321 ut

654 3373 1071 3441 cerevisiam
1152 3368 1498 3463 coquendi
1566 3378 1827 3464 artem,
1902 3369 1999 3439 ita
2066 3369 2236 3439 illud
2307 3369 2588 3463 frugum
2657 3370 3087 3442 madidatum
3157 3391 3414 3466 genuS,

654 3488 835 3581 quod
872 3512 1010 3591 ‘nos
1046 3486 1365 3586 „Maltz64
1415 3488 1877 3585 appellamuS,
1934 3486 2086 3560 fere
2138 3491 2452 3581 ignotum
2512 3490 2732 3562 fuisse
2755 3488 2831 3586 ¹).
2907 3488 3220 3585 Ideoque
3271 3511 3412 3561 non

655 3618 794 3697 est,
870 3609 1049 3702 quod
1121 3613 1453 3680 miremur
1521 3608 1889 3702 Nostrum,
1964 3630 2170 3703 quum
2247 3607 2335 3679 de
2409 3614 2693 3683 nomine
2744 3610 2868 3682 illo
2938 3613 3011 3681 in
3063 3607 3407 3682 Graecum

650 3729 1143 3801 transferendo
1198 3727 1408 3801 valde
1459 3726 1929 3823 laboraverit,
1980 3728 2065 3798 ad
2106 3729 2475 3800 evitandas
2532 3730 2655 3801 bas
2706 3728 3151 3800 difficultates
3204 3733 3404 3824 quasi

652 3846 984 3941 ambages
1045 3851 1280 3920 inierit
1345 3859 1554 3941 atque
1607 3848 1695 3920 ad
1742 3848 2183 3943 periphrasin
2238 3848 2782 3942 confugiendum
2828 3871 2991 3921 esse
3035 3854 3402 3944 putaverit

647 3966 777 4040 Est
828 3979 1058 4041 autem
1110 3965 1295 4057 ἅλως
1342 3969 1666 4060 (Tenue)
1721 3990 1863 4040 non
1919 3969 2146 4040 solum
2201 3990 2395 4063 area,
2443 3972 2516 4039 in
2571 3991 2706 4061 qua
2760 3968 3177 4041 frumentum
3233 3972 3406 4041 teri-

649 4097 799 4174 tur,
854 4089 975 4159 sed
1026 4092 1318 4181 quaevis
1356 4086 1685 4184 planities
1737 4088 1822 4159 ad
1856 4087 2126 4160 artificii
2157 4090 2514 4180 negotium
2554 4090 3027 4184 peragendum
3060 4089 3401 4184 adaptata.

655 4396 831 4452 quum,
879 4378 1020 4454 quod
1066 4382 1287 4437 maximi
1335 4384 1583 4438 momenti
1624 4387 1728 4450 est,
1777 4390 1915 4438 teste
1959 4376 2229 4435 Zarnckio
2276 4377 2571 4437 Meltzerus
2618 4380 2830 4456 quidam
2879 4382 3031 4452 annis
3084 4378 3418 4437 1518—30

647 4481 1106 4538 baccalaureatum
1155 4501 1255 4538 non
1305 4483 1530 4559 adeptus
1577 4487 1668 4541 sit.

826 4597 882 4679 l)
944 4601 1102 4677 Apud
1159 4601 1372 4660 Aetium
1430 4602 1635 4659 demum
1699 4608 1841 4660 sexti
1896 4606 2102 4662 saeculi
2161 4609 2474 4681 scriptorem
2527 4593 2688 4680 βῦνη
2751 4604 3043 4670 invenitur,
3106 4599 3245 4674 quod
3293 4602 3409 4674 jam

645 4713 860 4778 propter
905 4709 1175 4761 raritatem
1222 4725 1405 4780 parum
1454 4717 1631 4781 aptum
1681 4715 1795 4764 erat
1838 4703 1908 4764 ad
1952 4708 2220 4785 ejusmodi
2265 4727 2454 4765 nomen
2503 4704 2855 4762 formandum.
2913 4742 2931 4760 .

2922 4801 2995 4854 3²1⁸

4521 82 4588 153 „17
