4685 5991
2019 791 2104 861 ll

685 1001 790 1070 vis
867 1000 1192 1072 semestri
1275 996 1697 1089 transcripta
1766 995 2088 1066 videatur
2109 990 2183 1087 ¹).
2292 992 2372 1065 In
2448 993 2574 1066 illo
2656 989 3044 1086 exemplari
3118 991 3448 1084 leguntur

680 1141 841 1214 pag.
900 1116 1047 1189 257
1085 1135 1249 1210 sqq:

984 1235 1459 1331 „Rectoratus
1492 1232 1859 1304 Secundus
1900 1232 2097 1304 Pauli
2139 1231 2436 1306 Dhumei
2466 1231 3137 1327 Parthenopolitani‚
3183 1231 3470 1326 Georgi'

785 1355 974 1428 1521
1037 1397 1125 1408 —
1184 1351 1239 1449 ²)
1292 1357 1494 1424 nacio
1549 1355 1927 1425 misnensis
1983 1392 2086 1404 -—
2141 1352 2527 1447 Gregorius
2577 1352 2980 1424 Holeander
3034 1350 3342 1445 Cigneus
3399 1355 3445 1424 6

783 1475 853 1546 dt
906 1485 1120 1546 totum
1170 1469 1627 1545 Camiciano“
1679 1512 1777 1525 --

682 1597 753 1665 in
799 1594 1023 1665 altero
1082 1593 1233 1664 fere
1266 1595 1498 1665 omnia
1553 1592 1638 1663 ad
1689 1590 1980 1663 verbum
2025 1602 2419 1684 congruunt
2460 1601 2757 1685 excepta
2811 1594 3066 1685 exigua
3110 1596 3182 1664 in
3231 1615 3444 1687 para-

683 1713 851 1785 titlis
907 1714 1377 1808 discrepantia
1433 1722 1503 1783 et
1557 1716 1618 1783 si
1676 1711 2092 1784 discesseris
2147 1711 2231 1783 ab
2283 1734 2394 1798 eo,
2452 1709 2632 1807 quod
2699 1733 2956 1782 nomen
3009 1710 3248 1784 Nostri
3304 1735 3445 1785 non

682 1832 1109 1928 Holeander,
1164 1833 1317 1927 sed,
1369 1842 1447 1935 ut
1493 1831 1654 1903 mibi
1688 1830 1982 1914 videtur,
2032 1830 2438 1902 Holoander
2473 1835 2802 1926 scriptum
2845 1835 3220 1904 invenitur.
3296 1831 3450 1905 Nec

684 1951 901 2048 hanc‚
971 1976 1105 2024 nec
1169 1952 1359 2023 illam
1431 1953 1802 2023 lectionem
1869 1972 2030 2021 cum
2097 1972 2266 2024 vera
2339 1973 2627 2046 prorsus
2713 1955 3134 2046 convenire,
3209 1956 3446 2026 mirari

686 2095 825 2144 non
873 2073 1072 2157 licet,
1137 2096 1346 2168 quum
1399 2071 1782 2144 Haloandri
1839 2056 2094 2143 nomen
2150 2071 2360 2166 paulo
2427 2077 2632 2167 ante,
2703 2083 3034 2165 quantum
3089 2075 3447 2165 conjicere

683 2192 889 2285 licet,
979 2192 1370 2286 Agricolae
1449 2194 1782 2286 auspiciis
1852 2194 2214 2262 inventum
2289 2202 2362 2264 et
2431 2189 2845 2264 intabulanti
2915 2196 3173 2265 rectori
3237 2193 3448 2287 plane

684 2316 997 2404 ignotum
1070 2311 1300 2385 fuerit.
1413 2312 1615 2400 Quod
1684 2321 1912 2383 autem
1976 2311 2061 2381 ad
2127 2310 2388 2401 verba,
2458 2316 2529 2383 in
2602 2312 2964 2384 matricula
3033 2317 3448 2408 saepissime

684 2430 890 2503 obvia
947 2433 1046 2528 „6
1102 2433 1174 2504 dt
1226 2429 1496 2505 totum⁶⁶
1551 2434 1818 2516 attinet,
1873 2430 2152 2504 dubium
2208 2454 2349 2504 non
2405 2442 2536 2517 est,
2588 2453 2924 2503 summam
2980 2429 3133 2528 „6⁶²
3173 2432 3260 2506 ad
3313 2438 3448 2506 im-

684 2573 970 2647 pensaS,
1022 2574 1201 2647 quae
1257 2574 1382 2647 pro
1429 2551 1613 2623 facta
1656 2555 2115 2646 inscriptione
2166 2551 2684 2645 persolvendae
2733 2562 2961 2647 erant,
3005 2563 3329 2648 spectare
3380 2565 3449 2628 et

684 2672 811 2765 „dt
853 2669 1120 2745 totum“
1171 2673 1239 2744 id
1278 2672 1711 2767 significare,
1757 2670 2227 2744 Haloandrum
2259 2692 2402 2742 non
2433 2671 2822 2765 simplicem
2857 2693 3071 2765 supra
3114 2682 3446 2768 notatam,

686 2813 865 2886 quae
914 2815 956 2863 a
1003 2792 1341 2865 studiosis
1388 2804 1532 2865 tum
1580 2795 1773 2885 exigi
1811 2789 2127 2885 solebat,
2186 2790 2310 2862 sed
2370 2793 2703 2882 majorem
2753 2811 2877 2861 seu
2932 2790 3207 2885 plenam
3255 2814 3450 2864 sum-

686 2934 869 2983 mam
917 2911 993 3006 (i.
1042 2934 1101 2985 e.
1141 2912 1238 2983 10
1291 2913 1405 3007 gr)
1456 2912 1893 3008 persolvisse
1911 2910 1999 3000 ³).
2070 2909 2182 2981 Ex
2229 2914 2553 3004 apposito
2604 2912 2890 2981 nomine
2936 2907 3447 3006 „Camiciano“

689 3031 1026 3127 denique,
1094 3032 1213 3103 vel
1280 3042 1354 3103 ut
1408 3035 1480 3102 in
1535 3031 1758 3102 altero
1813 3029 2137 3123 exemplo
2194 3028 2454 3121 legitur
2504 3025 3089 3124 „Camicziano“
3136 3041 3450 3125 apparet,

687 3149 969 3223 dedisse
1002 3150 1336 3223 Nostrum
1368 3149 1545 3222 hanc
1580 3152 1915 3242 majorem
1950 3170 2285 3221 summam
2321 3171 2462 3220 non
2493 3151 2719 3221 statim
2757 3147 2939 3219 facta
2971 3151 3449 3242 inscriptione,

691 3270 816 3343 sed
860 3271 1149 3343 demum
1220 3280 1497 3342 rectore
1560 3270 1853 3342 Andrea
1921 3267 2224 3341 Frankio
2293 3266 2732 3340 Camiczensi
2794 3266 2913 3341 vel
2974 3267 3450 3361 Camicziano,

688 3394 807 3484 qui
859 3413 987 3484 per
1036 3400 1381 3463 semestre
1435 3385 1751 3462 brumale
1805 3393 1890 3461 ai.
1947 3386 2300 3463 1522s23
2356 3385 2589 3459 fasces
2635 3387 3079 3460 academicos
3138 3390 3380 3481 gessit.

897 3510 1386 3604 Colligendum
1456 3513 1671 3603 igitur
1740 3531 1833 3581 ex
1905 3508 2049 3604 his,
2119 3508 2596 3580 Haloandrum
2665 3504 2751 3577 ab
2818 3510 3016 3581 init-io
3086 3510 3447 3580 semestris

694 3634 944 3704 aestivi
1012 3635 1177 3702 anni
1236 3630 1431 3705 1521
1508 3652 1636 3725 per
1717 3627 2070 3701 biennium
2134 3628 2384 3700 saltem
2454 3627 2890 3721 Lipsiensem
2957 3628 3181 3701 fuisse
3255 3637 3327 3699 et
3388 3631 3449 3700 si

692 3750 1024 3823 Zarnckii
1095 3741 1502 3843 conjectura
1568 3749 1614 3820 l.
1685 3772 1742 3820 c.
1796 3771 1969 3820 vera
2045 3755 2191 3842 est,
2276 3747 2661 3818 secundum
2736 3768 2941 3841 quam
3011 3748 3447 3821 solummodo

692 3868 1274 3943 baccalaureatus
1311 3868 1428 3942 vel
1479 3872 1953 3963 magisterium
2008 3865 2396 3940 ambientes
2449 3865 2730 3962 plenam
2786 3866 2980 3938 illam
3034 3871 3447 3964 pensionem

868 4106 922 4181 l)
967 4108 1067 4165 cfr.
1112 4107 1466 4178 Zarncke,
1529 4109 1581 4168 d.
1626 4109 1877 4167 urkundl.
1924 4107 2149 4172 Quellen
2210 4106 2263 4166 d.
2309 4106 2474 4166 Uuiv,
2517 4106 2720 4184 Leipz.
2766 4107 2832 4167 B.
2865 4107 2971 4177 111,
3032 4107 3126 4166 der
3168 4106 3309 4166 Abb.
3355 4106 3450 4164 der

695 4208 1001 4268 Gesellseh.
1048 4209 1101 4268 d.
1147 4211 1495 4271 Wissenscb.
1542 4232 1595 4288 p.
1641 4212 1764 4270 553
1799 4213 1839 4269 f.

867 4312 929 4387 ⁸)
976 4314 1169 4385 verba,
1219 4315 1482 4394 „Georgii
1522 4315 1721 4373 1521“
1769 4317 1833 4373 ab
1865 4315 1970 4371 alia
2009 4312 2219 4389 quidem
2260 4331 2418 4370 mauu
2450 4311 2660 4390 adjecta
2690 4321 2830 4383 sunt,
2878 4311 2978 4370 sed
3008 4314 3109 4372 cfr.
3138 4311 3451 4370 Zarncke

678 4416 731 4500 l.
777 4436 827 4475 c.
869 4435 923 4491 p.
972 4413 1097 4473 596
1145 4413 1829 4494 (Rectorenverzeichniss.
1879 4435 1947 4474 no
1994 4416 2137 4483 224,
2184 4422 2295 4473 not.
2347 4410 2430 4493 1.)

867 4512 935 4592 ⁸)
980 4519 1300 4576 Zarncke
1359 4521 1392 4577 Ι.
1454 4540 1496 4578 c.
1559 4540 1683 4600 pag.
1730 4520 1849 4580 577
1911 4539 1995 4596 sq.
2043 4517 2417 4586 Gersdorf,
2484 4517 2572 4575 die
2620 4516 2872 4576 Univers.
2921 4517 3158 4597 Leipzig
3214 4521 3268 4575 in
3329 4519 3444 4577 dem

702 4630 885 4680 ersten
931 4621 1097 4681 Jahre
1141 4622 1286 4681 ibren
1335 4622 1631 4681 Bestehens
1679 4622 1737 4682 S.
1790 4622 1886 4682 19.

2967 4717 3042 4774 2*
