4685 5991
1600 844 1905 855 —-.....-
2012 812 2098 883 13
2204 844 2524 854 ..ψ-...-

681 1011 1158 1107 illustrantur,
1234 1013 1361 1085 sed
1430 1016 1637 1087 etiam
1714 1013 1897 1107 quod
1968 1016 2277 1109 alioquin
2351 1014 2500 1087 fere
2571 1013 2983 1088 incredibile
3052 1015 3434 1107 videretur,

682 1130 1160 1205 Haloandrum
1224 1135 1560 1224 juvenem
1636 1144 1771 1206 tam
1846 1132 2103 1207 subtile
2173 1135 2559 1207 studiorum
2616 1157 2860 1228 genus·
2926 1156 3195 1208 summa
3279 1154 3431 1205 cum

683 1249 891 1321 laude
966 1253 1038 1322 in
1110 1250 1311 1324 Italia
1384 1257 1629 1349 paucis
1684 1258 1887 1326 annis
1929 1252 2372 1340 absolvisse,
2450 1255 2854 1326 miraculosi
2909 1257 3148 1350 specie
3203 1253 3433 1346 aliqua

680 1392 771 1440 ex
824 1380 1023 1465 parte
1078 1371 1494 1445 destituitur.

886 1491 984 1561 At
1032 1491 1217 1562 aliud
1275 1493 1434 1587 quid
1488 1493 1745 1564 addere
1794 1493 2023 1564 liceat.

891 1608 1337 1700 Conradi¹)
1383 1623 1745 1709 memorat⁷
1794 1624 2109 1686 senatum
2152 1614 2757 1686 Zwiccaviensem
2791 1614 3017 1688 studia
3052 1610 3436 1684 Haloandri

686 1727 1007 1800 munifica
1075 1730 1580 1825 stipendiorum
1653 1733 2031 1826 largitione
2084 1733 2486 1827 adjuvisse,
2542 1737 2744 1825 cujus
2792 1731 3117 1805 beneficii
3165 1741 3432 1825 gratam

687 1852 1087 1921 memoriam
1175 1861 1497 1924 testatum
1590 1874 1751 1924 esse
1841 1852 2170 1925 Nostrum
2241 1853 2456 1925 nitido
2530 1852 2988 1925 Novellarum
3075 1851 3434 1923 volumine

680 1966 940 2042 oblato.
1048 1968 1344 2066 Inspexi
1384 1972 1567 2043 hunc
1618 1971 1869 2043 librum
1925 1977 1994 2043 in
2041 1970 2461 2044 bibliotheca
2503 1972 3020 2045 Zwiccaviensi
3076 1972 3434 2063 bucusque

682 2093 1153 2184 superstitem,
1210 2092 1334 2164 sed
1390 2102 1670 2188 praeter
1722 2089 1938 2162 verba
1997 2092 2422 2165 dedicatoria
2480 2098 2743 2164 auratis
2799 2093 3020 2164 literis
3077 2088 3273 2161 titulo
3319 2091 3434 2158 in-

680 2212 982 2303 scripta,
1044 2232 1222 2302 quae
1280 2211 1677 2284 Conradi
1731 2222 2057 2282 accurate
2108 2211 2533 2307 recenset,²)
2604 2212 2774 2284 nihil
2844 2214 3166 2292 invenio,
3252 2205 3434 2302 quod

679 2326 1063 2401 Haloandri
1151 2351 1499 2424 personae
1581 2334 1874 2427 ejusque
1940 2336 2127 2404 vitae
2195 2331 2428 2402 lumen
2492 2332 2753 2403 afferat.
2854 2331 3147 2422 Majoris
3202 2337 3433 2399 tamen

684 2453 1012 2520 momenti
1079 2449 1281 2523 nobis
1353 2473 1515 2522 esse
1589 2450 1994 2546 videbatur,
2067 2454 2183 2544 qui
2254 2450 2339 2522 ad
2409 2472 2539 2523 nos
2610 2449 2923 2548 perlatus
2994 2459 3105 2521 est
3171 2467 3435 2541 rumor,

677 2568 859 2663 apud
902 2581 1219 2641 senatum
1251 2571 1859 2644 Zwiccaviensem
1893 2581 2046 2642 acta
2095 2575 2451 2643 asservari
2485 2570 2570 2642 ad
2604 2571 3110 2665 stipendiorum
3152 2567 3433 2638 illorum

678 2686 1349 2793 administrationem
1405 2695 1820 2787 spectantia,
1871 2694 2281 2787 praesertim
2340 2714 2548 2785 quum
2603 2713 2695 2763 ex
2756 2689 3155 2781 Herzogii
3211 2686 3434 2758 Obro-

676 2809 833 2878 nica
891 2806 1412 2882 Zwiccaviensi
1478 2820 1643 2883 tom.
1698 2811 1759 2882 11
1813 2833 1969 2906 pag.
2028 2810 2174 2881 144
2239 2815 2814 2904 cognoverimus,
2885 2829 3097 2879 unum
3160 2828 3255 2877 ex
3326 2805 3431 2877 his

680 2914 1044 3022 stipendiis
1112 2951 1151 2999 a
1204 2927 1286 3000 D.
1346 2927 1829 3002 Schurtzaufio
1900 2950 2083 3001 anno
2144 2929 2341 3001 1484
2409 2927 2767 3016 fundatum
2824 2928 3155 3000 studiosis
3212 2925 3434 2998 desti-

678 3057 911 3120 natum
960 3068 1150 3143 esse,
1207 3054 1322 3142 qui
1376 3053 1447 3120 in
1505 3048 1775 3120 Italiam
1830 3046 2126 3143 profecti
2178 3047 2271 3119 ibi
2329 3048 2414 3119 ad
2469 3048 2825 3120 literarum
2882 3047 3106 3119 studia
3159 3049 3431 3119 incum-

676 3164 847 3238 bere
916 3167 1204 3239 vellent.
1307 3166 1489 3264 Spes
1567 3165 1770 3240 nobis
1847 3177 2023 3264 erat,
2080 3167 2233 3240 fore
2284 3179 2362 3239 ut
2413 3191 2506 3239 ex
2562 3173 2736 3241 actis
2807 3169 2951 3241 illis
3011 3167 3098 3237 de
3152 3168 3433 3237 nomine

675 3306 852 3359 vero
927 3308 1012 3358 ac
1067 3291 1308 3360 nativo
1379 3286 1662 3383 Nostri,
1739 3309 1872 3380 qua
1946 3291 2017 3359 in
2096 3310 2173 3359 re
2245 3291 2526 3384 scriptis
2598 3291 3019 3361 testimoniis
3085 3306 3432 3378 caremus,

677 3415 869 3476 certa
916 3429 1000 3478 ac
1036 3411 1344 3501 genuina
1391 3412 1632 3479 notitia
1684 3406 1947 3478 hauriri
1996 3418 2254 3503 posset.
2359 3406 2554 3479 Licet
2606 3409 2787 3479 enim
2838 3407 3196 3501 hucusque
3238 3404 3431 3477 Hau-

676 3520 885 3596 boldo
920 3525 1098 3597 duce
1132 3530 1315 3600 inter
1346 3525 1775 3598 omnesfere
1809 3530 2223 3598 convenerit
2250 3526 2634 3599 Haloandri
2689 3549 2943 3599 nomen
2997 3525 3426 3620 gentilicium

674 3643 1149 3738 „Hofmann“
1222 3668 1363 3718 non
1422 3657 1495 3718 ut
1547 3641 2267 3739 Nopietscbius⁸)
2322 3655 2393 3718 et
2445 3656 2606 3718 ante
2659 3668 2818 3718 eum
2887 3639 3430 3720 Hausfritzii

678 3765 1007 3858 censor⁴)
1062 3764 1347 3860 putabat
1397 3763 1904 3861 „Salzmann“
1958 3764 2205 3854 fuisse,
2257 3749 2563 3860 ingenue
2595 3764 2843 3848 fateor,
2897 3786 3029 3837 nec
3074 3764 3253 3835 hanc
3297 3783 3432 3852 nec
3545 3747 3546 3754 ἵ

857 4054 907 4128 ¹)
953 4056 986 4114 Ι.
1036 4076 1084 4115 c.
1130 4050 1164 4135 §
1214 4056 1307 4125 ΙΙΙ,
1357 4075 1480 4134 pag.
1527 4055 1649 4114 Vll.

850 4170 914 4247 ²)
962 4174 1303 4234 SENATUI
1344 4175 1846 4254 ,zwiccAENsl
1904 4175 2131 4268 GREG.
2201 4174 2677 4235 HALOANDER
2747 4175 2825 4234 lN
2889 4172 3428 4234 TESTIMONlUM

679 4276 917 4336 GRATI
961 4277 1187 4336 ANlMl
1234 4277 1304 4337 1).
1351 4277 1422 4336 D.
1466 4307 1549 4320 —
1598 4279 1683 4337 Ex
1729 4278 1973 4357 catalogo
2028 4276 2267 4338 biblioth.
2314 4288 2561 4355 apparet,
2619 4277 2982 4337 Haloaudrum
3029 4296 3242 4337 suarum
3288 4275 3429 4334 Pau·

679 4379 948 4438 dectarum
1004 4382 1179 4438 simile
1223 4382 1498 4458 exemplar
1539 4384 1749 4438 senatui
1792 4385 2179 4452 transmisisse,
2225 4381 2367 4457 quod
2413 4396 2588 4440 tamen
2633 4387 2738 4440 iam
2784 4380 2981 4439 dudum
3027 4384 3278 4440 amissum
3324 4388 3427 4438 est.

850 4497 910 4573 ⁸)
956 4499 1318 4580 Fortsetzung
1367 4501 1461 4559 den
1506 4498 2443 4580 Niimberger-GelehnewLexikou
2487 4501 2554 4561 B.
2597 4501 2675 4557 vt
2724 4503 2782 4560 S.
2834 4501 2930 4561 19.

853 4612 918 4695 ⁴)
964 4617 1104 4678 Acta
1149 4620 1472 4678 eruditorum
1521 4620 1585 4677 de
1633 4638 1768 4676 anno
1820 4619 1981 4680 1736
2026 4641 2080 4697 p.
2126 4621 2269 4680 507.
