<?xml version="1.0" encoding="UTF-8"?>
<!DOCTYPE html PUBLIC "-//W3C//DTD XHTML 1.0 Transitional//EN"
    "http://www.w3.org/TR/xhtml1/DTD/xhtml1-transitional.dtd">
<html xmlns="http://www.w3.org/1999/xhtml" xml:lang="en" lang="en">
 <head>
  <title>
</title>
<meta http-equiv="Content-Type" content="text/html;charset=utf-8" />
  <meta name='ocr-system' content='tesseract 3.04.00' />
  <meta name='ocr-capabilities' content='ocr_page ocr_carea ocr_par ocr_line ocrx_word'/>
</head>
<body>
  <div class='ocr_page' id='page_1' title='image "./symbolaeadvitam00schmgoog_0016.png"; bbox 0 0 4685 5991; ppageno 0'>
   <div class='ocr_carea' id='block_1_1' title="bbox 2192 806 2708 874">
    <p class='ocr_par' dir='ltr' id='par_1_1' title="bbox 2192 806 2708 874">
     <span class='ocr_line' id='line_1_1' title="bbox 2192 806 2708 874; baseline 0.002 -1"><span class='ocrx_word' id='word_1_1' title='bbox 2192 836 2507 847; x_wconf 83' lang='grc'><strong>----</strong></span> <span class='ocrx_word' id='word_1_2' title='bbox 2620 806 2708 874; x_wconf 82' lang='lat'><strong>14</strong></span> 
     </span>
    </p>
   </div>
   <div class='ocr_carea' id='block_1_2' title="bbox 2819 837 3122 847">
    <p class='ocr_par' dir='ltr' id='par_1_2' title="bbox 2819 837 3122 847">
     <span class='ocr_line' id='line_1_2' title="bbox 2819 837 3122 847; baseline 0 5144"><span class='ocrx_word' id='word_1_3' title='bbox 2819 837 3122 847; x_wconf 95' lang='lat' dir='ltr'><strong> </strong></span> 
     </span>
    </p>
   </div>
   <div class='ocr_carea' id='block_1_3' title="bbox 1281 1004 4039 1821">
    <p class='ocr_par' dir='ltr' id='par_1_3' title="bbox 1281 1004 4039 1821">
     <span class='ocr_line' id='line_1_3' title="bbox 1281 1004 4037 1101; baseline -0.002 -21"><span class='ocrx_word' id='word_1_4' title='bbox 1281 1009 1482 1081; x_wconf 88' lang='lat' dir='ltr'><strong>illam</strong></span> <span class='ocrx_word' id='word_1_5' title='bbox 1539 1012 2012 1101; x_wconf 89' lang='lat' dir='ltr'><strong>conjecturam</strong></span> <span class='ocrx_word' id='word_1_6' title='bbox 2069 1008 2232 1081; x_wconf 91' lang='lat' dir='ltr'><strong>mibi</strong></span> <span class='ocrx_word' id='word_1_7' title='bbox 2291 1010 2661 1100; x_wconf 71' lang='lat' dir='ltr'><strong>arrisisse,</strong></span> <span class='ocrx_word' id='word_1_8' title='bbox 2729 1028 2937 1099; x_wconf 91' lang='lat' dir='ltr'><strong>quum</strong></span> <span class='ocrx_word' id='word_1_9' title='bbox 2987 1006 3162 1078; x_wconf 87' lang='lat' dir='ltr'><strong>haec</strong></span> <span class='ocrx_word' id='word_1_10' title='bbox 3216 1008 3686 1099; x_wconf 79' lang='lat' dir='ltr'><strong>grammaticis</strong></span> <span class='ocrx_word' id='word_1_11' title='bbox 3741 1004 4037 1097; x_wconf 81' lang='lat' dir='ltr'><strong>regulis,</strong></span> 
     </span>
     <span class='ocr_line' id='line_1_4' title="bbox 1281 1126 4039 1222; baseline -0.001 -22"><span class='ocrx_word' id='word_1_12' title='bbox 1281 1132 1351 1200; x_wconf 90' lang='lat' dir='ltr'><strong>in</strong></span> <span class='ocrx_word' id='word_1_13' title='bbox 1408 1128 1657 1222; x_wconf 88' lang='lat' dir='ltr'><strong>quibus</strong></span> <span class='ocrx_word' id='word_1_14' title='bbox 1713 1127 1973 1200; x_wconf 81' lang='lat' dir='ltr'><strong>Noster</strong></span> <span class='ocrx_word' id='word_1_15' title='bbox 2027 1127 2457 1199; x_wconf 88' lang='lat' dir='ltr'><strong>Graecarum</strong></span> <span class='ocrx_word' id='word_1_16' title='bbox 2511 1126 2866 1197; x_wconf 87' lang='lat' dir='ltr'><strong>literarum</strong></span> <span class='ocrx_word' id='word_1_17' title='bbox 2920 1130 3386 1220; x_wconf 86' lang='lat' dir='ltr'><strong>gnarissimus</strong></span> <span class='ocrx_word' id='word_1_18' title='bbox 3433 1129 3561 1196; x_wconf 82' lang='lat' dir='ltr'><strong>vix</strong></span> <span class='ocrx_word' id='word_1_19' title='bbox 3613 1128 4039 1220; x_wconf 73' lang='lat' dir='ltr'><strong>peccaverit,</strong></span> 
     </span>
     <span class='ocr_line' id='line_1_5' title="bbox 1281 1244 4037 1341; baseline -0 -23"><span class='ocrx_word' id='word_1_20' title='bbox 1281 1248 1501 1319; x_wconf 88' lang='lat' dir='ltr'><strong>altera</strong></span> <span class='ocrx_word' id='word_1_21' title='bbox 1548 1256 1777 1318; x_wconf 89' lang='lat' dir='ltr'><strong>autem</strong></span> <span class='ocrx_word' id='word_1_22' title='bbox 1824 1251 2110 1318; x_wconf 90' lang='lat' dir='ltr'><strong>notione</strong></span> <span class='ocrx_word' id='word_1_23' title='bbox 2150 1246 2622 1341; x_wconf 78' lang='lat' dir='ltr'><strong>metaphorica</strong></span> <span class='ocrx_word' id='word_1_24' title='bbox 2675 1245 2880 1319; x_wconf 85' lang='lat' dir='ltr'><strong>verbi</strong></span> <span class='ocrx_word' id='word_1_25' title='bbox 2925 1244 3176 1334; x_wconf 56' lang='grc' dir='ltr'>ἄλωςῑ)</span> <span class='ocrx_word' id='word_1_26' title='bbox 3235 1248 3478 1317; x_wconf 80' lang='lat' dir='ltr'><strong>innixa</strong></span> <span class='ocrx_word' id='word_1_27' title='bbox 3507 1247 3700 1336; x_wconf 86' lang='lat' dir='ltr'><strong>justo</strong></span> <span class='ocrx_word' id='word_1_28' title='bbox 3756 1245 4037 1337; x_wconf 83' lang='lat' dir='ltr'><strong>longius</strong></span> 
     </span>
     <span class='ocr_line' id='line_1_6' title="bbox 1282 1361 4038 1463; baseline -0 -26"><span class='ocrx_word' id='word_1_29' title='bbox 1282 1369 1624 1437; x_wconf 88' lang='lat' dir='ltr'><strong>arcessita</strong></span> <span class='ocrx_word' id='word_1_30' title='bbox 1678 1365 2061 1451; x_wconf 85' lang='lat' dir='ltr'><strong>videretur,</strong></span> <span class='ocrx_word' id='word_1_31' title='bbox 2132 1369 2549 1462; x_wconf 88' lang='lat' dir='ltr'><strong>praesertim</strong></span> <span class='ocrx_word' id='word_1_32' title='bbox 2621 1388 2828 1458; x_wconf 87' lang='lat' dir='ltr'><strong>quum</strong></span> <span class='ocrx_word' id='word_1_33' title='bbox 2884 1372 3243 1463; x_wconf 90' lang='lat' dir='ltr'><strong>aptissima</strong></span> <span class='ocrx_word' id='word_1_34' title='bbox 3301 1366 3663 1438; x_wconf 78' lang='lat' dir='ltr'><strong>translatio</strong></span> <span class='ocrx_word' id='word_1_35' title='bbox 3720 1388 3759 1436; x_wconf 88' lang='lat' dir='ltr'><strong>a</strong></span> <span class='ocrx_word' id='word_1_36' title='bbox 3815 1361 4038 1436; x_wconf 87' lang='lat' dir='ltr'><strong>verbo</strong></span> 
     </span>
     <span class='ocr_line' id='line_1_7' title="bbox 1281 1482 4037 1582; baseline 0 -24"><span class='ocrx_word' id='word_1_37' title='bbox 1281 1482 1459 1581; x_wconf 84' lang='grc' dir='ltr'><strong><em>αὐλή</em></strong></span> <span class='ocrx_word' id='word_1_38' title='bbox 1526 1489 1737 1581; x_wconf 89' lang='lat' dir='ltr'><strong>petita</strong></span> <span class='ocrx_word' id='word_1_39' title='bbox 1811 1508 1948 1555; x_wconf 90' lang='lat' dir='ltr'><strong>non</strong></span> <span class='ocrx_word' id='word_1_40' title='bbox 2008 1485 2410 1557; x_wconf 81' lang='lat' dir='ltr'><strong>defecisset.</strong></span> <span class='ocrx_word' id='word_1_41' title='bbox 2518 1483 2901 1557; x_wconf 80' lang='lat' dir='ltr'><strong>Videbatur</strong></span> <span class='ocrx_word' id='word_1_42' title='bbox 2951 1491 3220 1582; x_wconf 82' lang='lat' dir='ltr'><strong>potius,</strong></span> <span class='ocrx_word' id='word_1_43' title='bbox 3297 1490 3389 1571; x_wconf 91' lang='lat' dir='ltr'><strong>si,</strong></span> <span class='ocrx_word' id='word_1_44' title='bbox 3463 1496 3535 1556; x_wconf 91' lang='lat' dir='ltr'><strong>ut</strong></span> <span class='ocrx_word' id='word_1_45' title='bbox 3604 1508 3731 1580; x_wconf 90' lang='lat' dir='ltr'><strong>par</strong></span> <span class='ocrx_word' id='word_1_46' title='bbox 3784 1494 3916 1580; x_wconf 69' lang='lat' dir='ltr'><strong>est,</strong></span> <span class='ocrx_word' id='word_1_47' title='bbox 3965 1489 4037 1558; x_wconf 92' lang='lat' dir='ltr'><strong>in</strong></span> 
     </span>
     <span class='ocr_line' id='line_1_8' title="bbox 1282 1600 4037 1701; baseline 0 -25"><span class='ocrx_word' id='word_1_48' title='bbox 1282 1604 1501 1677; x_wconf 85' lang='lat' dir='ltr'><strong>verbo</strong></span> <span class='ocrx_word' id='word_1_49' title='bbox 1536 1600 1714 1692; x_wconf 82' lang='grc' dir='ltr'>ἅλως</span> <span class='ocrx_word' id='word_1_50' title='bbox 1746 1603 2236 1699; x_wconf 70' lang='lat' dir='ltr'><strong>subsistamus,</strong></span> <span class='ocrx_word' id='word_1_51' title='bbox 2271 1605 2407 1675; x_wconf 85' lang='lat' dir='ltr'><strong>alia</strong></span> <span class='ocrx_word' id='word_1_52' title='bbox 2439 1607 2682 1676; x_wconf 88' lang='lat' dir='ltr'><strong>versio</strong></span> <span class='ocrx_word' id='word_1_53' title='bbox 2727 1627 2821 1675; x_wconf 82' lang='lat' dir='ltr'><strong>ex</strong></span> <span class='ocrx_word' id='word_1_54' title='bbox 2855 1610 3136 1701; x_wconf 83' lang='lat' dir='ltr'><strong>propria</strong></span> <span class='ocrx_word' id='word_1_55' title='bbox 3176 1609 3330 1697; x_wconf 90' lang='lat' dir='ltr'><strong>ejus</strong></span> <span class='ocrx_word' id='word_1_56' title='bbox 3369 1609 3654 1677; x_wconf 90' lang='lat' dir='ltr'><strong>notione</strong></span> <span class='ocrx_word' id='word_1_57' title='bbox 3685 1605 4037 1699; x_wconf 54' lang='lat' dir='ltr'><strong>„Tennessss</strong></span> 
     </span>
     <span class='ocr_line' id='line_1_9' title="bbox 1282 1723 4035 1821; baseline 0 -25"><span class='ocrx_word' id='word_1_58' title='bbox 1282 1724 1662 1796; x_wconf 87' lang='lat' dir='ltr'><strong>derivanda</strong></span> <span class='ocrx_word' id='word_1_59' title='bbox 1719 1723 1932 1795; x_wconf 83' lang='lat' dir='ltr'><strong>multo</strong></span> <span class='ocrx_word' id='word_1_60' title='bbox 1976 1726 2365 1821; x_wconf 86' lang='lat' dir='ltr'><strong>simplicior</strong></span> <span class='ocrx_word' id='word_1_61' title='bbox 2410 1747 2494 1794; x_wconf 88' lang='lat' dir='ltr'><strong>ac</strong></span> <span class='ocrx_word' id='word_1_62' title='bbox 2535 1725 3137 1798; x_wconf 79' lang='lat' dir='ltr'><strong>commendatione</strong></span> <span class='ocrx_word' id='word_1_63' title='bbox 3181 1725 3481 1819; x_wconf 69' lang='lat' dir='ltr'><strong>dignior,</strong></span> <span class='ocrx_word' id='word_1_64' title='bbox 3528 1729 3623 1797; x_wconf 90' lang='lat' dir='ltr'><strong>ita</strong></span> <span class='ocrx_word' id='word_1_65' title='bbox 3669 1736 3742 1797; x_wconf 90' lang='lat' dir='ltr'><strong>ut</strong></span> <span class='ocrx_word' id='word_1_66' title='bbox 3780 1747 4035 1797; x_wconf 89' lang='lat' dir='ltr'><strong>nomen</strong></span> 
     </span>
    </p>
   </div>
   <div class='ocr_carea' id='block_1_4' title="bbox 1144 1838 2635 1940">
    <p class='ocr_par' dir='ltr' id='par_1_4' title="bbox 1144 1838 2635 1940">
     <span class='ocr_line' id='line_1_10' title="bbox 1144 1838 2635 1940; baseline -0.007 -19"><span class='ocrx_word' id='word_1_67' title='bbox 1144 1838 1150 1843; x_wconf 54' lang='grc'><em>’</em></span> <span class='ocrx_word' id='word_1_68' title='bbox 1284 1844 1854 1940; x_wconf 72' lang='grc' dir='ltr'><em>,,Τ8πη8ηῑαηη“</em></span> <span class='ocrx_word' id='word_1_69' title='bbox 1912 1847 2257 1939; x_wconf 86' lang='lat' dir='ltr'><strong>suspicari</strong></span> <span class='ocrx_word' id='word_1_70' title='bbox 2310 1847 2635 1916; x_wconf 84' lang='lat' dir='ltr'><strong>auserim.</strong></span> 
     </span>
    </p>
   </div>
   <div class='ocr_carea' id='block_1_5' title="bbox 1276 1964 4084 2775">
    <p class='ocr_par' dir='ltr' id='par_1_5' title="bbox 1276 1964 4036 2171">
     <span class='ocr_line' id='line_1_11' title="bbox 1484 1964 4036 2060; baseline 0.001 -24"><span class='ocrx_word' id='word_1_71' title='bbox 1484 1964 1932 2036; x_wconf 89' lang='lat' dir='ltr'><strong>Perlustratis</strong></span> <span class='ocrx_word' id='word_1_72' title='bbox 1995 1984 2168 2036; x_wconf 88' lang='lat' dir='ltr'><strong>vero</strong></span> <span class='ocrx_word' id='word_1_73' title='bbox 2233 1964 2374 2035; x_wconf 90' lang='lat' dir='ltr'><strong>illis</strong></span> <span class='ocrx_word' id='word_1_74' title='bbox 2431 1968 2655 2058; x_wconf 71' lang='lat' dir='ltr'><strong>actis,</strong></span> <span class='ocrx_word' id='word_1_75' title='bbox 2724 1985 2903 2056; x_wconf 83' lang='lat' dir='ltr'><strong>quae</strong></span> <span class='ocrx_word' id='word_1_76' title='bbox 2950 1964 3152 2036; x_wconf 89' lang='lat' dir='ltr'><strong>nobis</strong></span> <span class='ocrx_word' id='word_1_77' title='bbox 3208 1971 3713 2039; x_wconf 87' lang='lat' dir='ltr'><strong>communicata</strong></span> <span class='ocrx_word' id='word_1_78' title='bbox 3770 1978 3953 2050; x_wconf 91' lang='lat' dir='ltr'><strong>sunt,</strong></span> <span class='ocrx_word' id='word_1_79' title='bbox 3981 1964 4036 2060; x_wconf 79' lang='lat'><strong>²)</strong></span> 
     </span>
     <span class='ocr_line' id='line_1_12' title="bbox 1276 2083 3068 2171; baseline -0.003 -12"><span class='ocrx_word' id='word_1_80' title='bbox 1276 2089 1692 2160; x_wconf 88' lang='lat' dir='ltr'><strong>sententiam</strong></span> <span class='ocrx_word' id='word_1_81' title='bbox 1747 2104 1879 2154; x_wconf 90' lang='lat' dir='ltr'><strong>nos</strong></span> <span class='ocrx_word' id='word_1_82' title='bbox 1938 2092 2273 2171; x_wconf 88' lang='lat' dir='ltr'><strong>mutasse,</strong></span> <span class='ocrx_word' id='word_1_83' title='bbox 2329 2106 2470 2155; x_wconf 89' lang='lat' dir='ltr'><strong>non</strong></span> <span class='ocrx_word' id='word_1_84' title='bbox 2526 2083 3068 2156; x_wconf 77' lang='lat' dir='ltr'><strong>dissimulamus,</strong></span> 
     </span>
    </p>

    <p class='ocr_par' dir='ltr' id='par_1_6' title="bbox 1276 2196 4084 2775">
     <span class='ocr_line' id='line_1_13' title="bbox 1496 2196 4084 2301; baseline 0.001 -28"><span class='ocrx_word' id='word_1_85' title='bbox 1496 2204 1799 2275; x_wconf 89' lang='lat' dir='ltr'><strong>Primum</strong></span> <span class='ocrx_word' id='word_1_86' title='bbox 1872 2206 1942 2273; x_wconf 92' lang='lat' dir='ltr'><strong>in</strong></span> <span class='ocrx_word' id='word_1_87' title='bbox 2015 2200 2187 2275; x_wconf 88' lang='lat' dir='ltr'><strong>actis</strong></span> <span class='ocrx_word' id='word_1_88' title='bbox 2263 2202 2348 2273; x_wconf 89' lang='lat' dir='ltr'><strong>de</strong></span> <span class='ocrx_word' id='word_1_89' title='bbox 2407 2196 3267 2277; x_wconf 60' lang='lat' dir='ltr'><strong>administratione&#39;illius</strong></span> <span class='ocrx_word' id='word_1_90' title='bbox 3321 2207 3648 2301; x_wconf 89' lang='lat' dir='ltr'><strong>stipendii</strong></span> <span class='ocrx_word' id='word_1_91' title='bbox 3702 2205 4084 2279; x_wconf 64' lang='lat' dir='ltr'><strong>Scburtz-v</strong></span> 
     </span>
     <span class='ocr_line' id='line_1_14' title="bbox 1279 2320 4039 2419; baseline 0 -24"><span class='ocrx_word' id='word_1_92' title='bbox 1279 2321 1535 2396; x_wconf 87' lang='lat' dir='ltr'><strong>aufiani</strong></span> <span class='ocrx_word' id='word_1_93' title='bbox 1581 2320 1830 2393; x_wconf 86' lang='lat' dir='ltr'><strong>habitis</strong></span> <span class='ocrx_word' id='word_1_94' title='bbox 1887 2322 1973 2393; x_wconf 91' lang='lat' dir='ltr'><strong>de</strong></span> <span class='ocrx_word' id='word_1_95' title='bbox 2028 2344 2212 2394; x_wconf 90' lang='lat' dir='ltr'><strong>anno</strong></span> <span class='ocrx_word' id='word_1_96' title='bbox 2257 2322 2458 2395; x_wconf 82' lang='lat'>1854</span> <span class='ocrx_word' id='word_1_97' title='bbox 2497 2345 2645 2416; x_wconf 85' lang='lat' dir='ltr'><strong>sqq.</strong></span> <span class='ocrx_word' id='word_1_98' title='bbox 2686 2323 3081 2417; x_wconf 87' lang='lat' dir='ltr'><strong>exemplum</strong></span> <span class='ocrx_word' id='word_1_99' title='bbox 3140 2348 3178 2395; x_wconf 88' lang='lat' dir='ltr'><strong>a</strong></span> <span class='ocrx_word' id='word_1_100' title='bbox 3229 2348 3434 2397; x_wconf 90' lang='lat' dir='ltr'><strong>manu</strong></span> <span class='ocrx_word' id='word_1_101' title='bbox 3491 2325 3591 2398; x_wconf 82' lang='lat' dir='ltr'><strong>cl.</strong></span> <span class='ocrx_word' id='word_1_102' title='bbox 3643 2327 4039 2419; x_wconf 83' lang='lat' dir='ltr'><strong>Herzogii</strong></span> 
     </span>
     <span class='ocr_line' id='line_1_15' title="bbox 1278 2441 4039 2537; baseline 0.002 -24"><span class='ocrx_word' id='word_1_103' title='bbox 1278 2441 1566 2537; x_wconf 86' lang='lat' dir='ltr'><strong>probata</strong></span> <span class='ocrx_word' id='word_1_104' title='bbox 1640 2444 2131 2537; x_wconf 87' lang='lat' dir='ltr'><strong>transcriptum</strong></span> <span class='ocrx_word' id='word_1_105' title='bbox 2209 2442 2587 2514; x_wconf 86' lang='lat' dir='ltr'><strong>authentici</strong></span> <span class='ocrx_word' id='word_1_106' title='bbox 2659 2442 3097 2514; x_wconf 69' lang='lat' dir='ltr'><strong>instrumenti</strong></span> <span class='ocrx_word' id='word_1_107' title='bbox 3180 2456 3413 2517; x_wconf 82' lang='lat' dir='ltr'><strong>exstat</strong></span> <span class='ocrx_word' id='word_1_108' title='bbox 3476 2446 3561 2516; x_wconf 88' lang='lat' dir='ltr'><strong>de</strong></span> <span class='ocrx_word' id='word_1_109' title='bbox 3628 2446 4039 2518; x_wconf 84' lang='lat' dir='ltr'><strong>fundatione</strong></span> 
     </span>
     <span class='ocr_line' id='line_1_16' title="bbox 1276 2559 4039 2661; baseline 0.002 -28"><span class='ocrx_word' id='word_1_110' title='bbox 1276 2562 1466 2633; x_wconf 90' lang='lat' dir='ltr'><strong>illius</strong></span> <span class='ocrx_word' id='word_1_111' title='bbox 1515 2560 1886 2656; x_wconf 73' lang='lat' dir='ltr'><strong>stipendii,</strong></span> <span class='ocrx_word' id='word_1_112' title='bbox 1957 2559 2071 2630; x_wconf 92' lang='lat' dir='ltr'><strong>ubi</strong></span> <span class='ocrx_word' id='word_1_113' title='bbox 2138 2565 2372 2633; x_wconf 88' lang='lat' dir='ltr'><strong>missis</strong></span> <span class='ocrx_word' id='word_1_114' title='bbox 2428 2562 2587 2633; x_wconf 89' lang='lat' dir='ltr'><strong>aliis</strong></span> <span class='ocrx_word' id='word_1_115' title='bbox 2660 2564 2744 2633; x_wconf 87' lang='lat' dir='ltr'><strong>ad</strong></span> <span class='ocrx_word' id='word_1_116' title='bbox 2801 2584 2948 2634; x_wconf 88' lang='lat' dir='ltr'><strong>rem</strong></span> <span class='ocrx_word' id='word_1_117' title='bbox 3003 2574 3315 2635; x_wconf 89' lang='lat' dir='ltr'><strong>nostram</strong></span> <span class='ocrx_word' id='word_1_118' title='bbox 3368 2588 3509 2637; x_wconf 92' lang='lat' dir='ltr'><strong>non</strong></span> <span class='ocrx_word' id='word_1_119' title='bbox 3564 2565 4039 2661; x_wconf 85' lang='lat' dir='ltr'><strong>spectantibus</strong></span> 
     </span>
     <span class='ocr_line' id='line_1_17' title="bbox 1278 2680 2355 2775; baseline 0 -23"><span class='ocrx_word' id='word_1_120' title='bbox 1278 2681 1400 2753; x_wconf 84' lang='lat' dir='ltr'><strong>fol.</strong></span> <span class='ocrx_word' id='word_1_121' title='bbox 1453 2680 1547 2754; x_wconf 89' lang='grc'><strong>16</strong></span> <span class='ocrx_word' id='word_1_122' title='bbox 1608 2703 1708 2775; x_wconf 88' lang='lat' dir='ltr'><strong>sq.</strong></span> <span class='ocrx_word' id='word_1_123' title='bbox 1764 2680 1937 2750; x_wconf 89' lang='lat' dir='ltr'><strong>baec</strong></span> <span class='ocrx_word' id='word_1_124' title='bbox 1991 2680 2355 2772; x_wconf 84' lang='lat' dir='ltr'><strong>leguntur:</strong></span> 
     </span>
    </p>
   </div>
   <div class='ocr_carea' id='block_1_6' title="bbox 1351 3034 3972 3131">
    <p class='ocr_par' dir='ltr' id='par_1_7' title="bbox 1351 3034 3972 3131">
     <span class='ocr_line' id='line_1_18' title="bbox 1351 3034 3972 3131; baseline 0.002 -23"><span class='ocrx_word' id='word_1_125' title='bbox 1351 3034 1947 3128; x_wconf 72' lang='lat' dir='ltr'><strong>Stiftungsbrief</strong></span> <span class='ocrx_word' id='word_1_126' title='bbox 1992 3037 2134 3107; x_wconf 87' lang='lat' dir='ltr'><strong>des</strong></span> <span class='ocrx_word' id='word_1_127' title='bbox 2188 3036 2886 3110; x_wconf 77' lang='lat' dir='ltr'><strong>Schurzauf’schen</strong></span> <span class='ocrx_word' id='word_1_128' title='bbox 2940 3039 3463 3131; x_wconf 85' lang='lat' dir='ltr'><strong>Stipendiums</strong></span> <span class='ocrx_word' id='word_1_129' title='bbox 3516 3063 3586 3114; x_wconf 82' lang='lat' dir='ltr'><strong>v.</strong></span> <span class='ocrx_word' id='word_1_130' title='bbox 3630 3045 3701 3115; x_wconf 84' lang='lat' dir='ltr'><strong>J.</strong></span> <span class='ocrx_word' id='word_1_131' title='bbox 3753 3041 3972 3115; x_wconf 75' lang='lat'><strong>1484.</strong></span> 
     </span>
    </p>
   </div>
   <div class='ocr_carea' id='block_1_7' title="bbox 1274 3241 4038 4177">
    <p class='ocr_par' dir='ltr' id='par_1_8' title="bbox 1274 3241 4038 4177">
     <span class='ocr_line' id='line_1_19' title="bbox 1494 3241 4038 3335; baseline 0.002 -21"><span class='ocrx_word' id='word_1_132' title='bbox 1494 3243 1647 3314; x_wconf 85' lang='lat' dir='ltr'><strong>Wir</strong></span> <span class='ocrx_word' id='word_1_133' title='bbox 1699 3241 2555 3334; x_wconf 76' lang='lat' dir='ltr'><strong>hiernaehqescleriebene</strong></span> <span class='ocrx_word' id='word_1_134' title='bbox 2605 3244 2735 3312; x_wconf 85' lang='lat' dir='ltr'><strong>mit</strong></span> <span class='ocrx_word' id='word_1_135' title='bbox 2779 3243 3057 3313; x_wconf 83' lang='lat' dir='ltr'><strong>Namen</strong></span> <span class='ocrx_word' id='word_1_136' title='bbox 3109 3247 3451 3316; x_wconf 80' lang='lat' dir='ltr'><strong>Andreas</strong></span> <span class='ocrx_word' id='word_1_137' title='bbox 3504 3244 4038 3335; x_wconf 75' lang='lat' dir='ltr'><strong>Gaudenlzofer,</strong></span> 
     </span>
     <span class='ocr_line' id='line_1_20' title="bbox 1275 3361 4033 3460; baseline 0.003 -28"><span class='ocrx_word' id='word_1_138' title='bbox 1275 3362 1885 3452; x_wconf 72' lang='lat' dir='ltr'><strong>Bic‘ryermeister‚</strong></span> <span class='ocrx_word' id='word_1_139' title='bbox 1937 3361 2145 3432; x_wconf 81' lang='lat' dir='ltr'><strong>Hans</strong></span> <span class='ocrx_word' id='word_1_140' title='bbox 2194 3362 2523 3448; x_wconf 83' lang='lat' dir='ltr'><strong>Meltzer‚</strong></span> <span class='ocrx_word' id='word_1_141' title='bbox 2589 3361 2894 3433; x_wconf 78' lang='lat' dir='ltr'><strong>Thomas</strong></span> <span class='ocrx_word' id='word_1_142' title='bbox 2928 3363 3275 3452; x_wconf 84' lang='lat' dir='ltr'><strong>Filberer‚</strong></span> <span class='ocrx_word' id='word_1_143' title='bbox 3326 3365 3536 3436; x_wconf 80' lang='lat' dir='ltr'><strong>Hans</strong></span> <span class='ocrx_word' id='word_1_144' title='bbox 3573 3367 4033 3460; x_wconf 60' lang='lat' dir='ltr'><strong>Federenyeh</strong></span> 
     </span>
     <span class='ocr_line' id='line_1_21' title="bbox 1274 3480 4031 3579; baseline 0.003 -28"><span class='ocrx_word' id='word_1_145' title='bbox 1274 3481 1745 3575; x_wconf 74' lang='lat' dir='ltr'><strong>qesehworne</strong></span> <span class='ocrx_word' id='word_1_146' title='bbox 1777 3480 2288 3553; x_wconf 78' lang='lat' dir='ltr'><strong>Rathma&#39;nner</strong></span> <span class='ocrx_word' id='word_1_147' title='bbox 2342 3481 2579 3552; x_wconf 82' lang='lat' dir='ltr'><strong>dieses</strong></span> <span class='ocrx_word' id='word_1_148' title='bbox 2614 3482 2878 3554; x_wconf 78' lang='lat' dir='ltr'><strong>Jahres</strong></span> <span class='ocrx_word' id='word_1_149' title='bbox 2925 3485 3056 3553; x_wconf 83' lang='lat' dir='ltr'><strong>der</strong></span> <span class='ocrx_word' id='word_1_150' title='bbox 3107 3485 3320 3557; x_wconf 79' lang='lat' dir='ltr'><strong>stadt</strong></span> <span class='ocrx_word' id='word_1_151' title='bbox 3369 3507 3463 3556; x_wconf 84' lang='lat' dir='ltr'><strong>zu</strong></span> <span class='ocrx_word' id='word_1_152' title='bbox 3497 3487 3853 3579; x_wconf 74' lang='lat' dir='ltr'><strong>Zwiykow</strong></span> <span class='ocrx_word' id='word_1_153' title='bbox 3907 3489 4031 3559; x_wconf 84' lang='lat' dir='ltr'><strong>be-</strong></span> 
     </span>
     <span class='ocr_line' id='line_1_22' title="bbox 1275 3601 4030 3702; baseline 0.003 -30"><span class='ocrx_word' id='word_1_154' title='bbox 1275 3604 1560 3672; x_wconf 79' lang='lat' dir='ltr'><strong>kennen</strong></span> <span class='ocrx_word' id='word_1_155' title='bbox 1637 3621 1774 3671; x_wconf 85' lang='lat' dir='ltr'><strong>vor</strong></span> <span class='ocrx_word' id='word_1_156' title='bbox 1844 3623 1983 3674; x_wconf 79' lang='lat' dir='ltr'><strong>uns</strong></span> <span class='ocrx_word' id='word_1_157' title='bbox 2054 3622 2327 3673; x_wconf 75' lang='lat' dir='ltr'><strong>uasere</strong></span> <span class='ocrx_word' id='word_1_158' title='bbox 2375 3601 2614 3671; x_wconf 80' lang='lat' dir='ltr'><strong>Erben</strong></span> <span class='ocrx_word' id='word_1_159' title='bbox 2679 3602 2831 3672; x_wconf 81' lang='lat' dir='ltr'><strong>und</strong></span> <span class='ocrx_word' id='word_1_160' title='bbox 2875 3604 3397 3677; x_wconf 76' lang='lat' dir='ltr'><strong>Nachkommen</strong></span> <span class='ocrx_word' id='word_1_161' title='bbox 3464 3609 4030 3702; x_wconf 75' lang='lat' dir='ltr'><strong>eintreohtiqlich</strong></span> 
     </span>
     <span class='ocr_line' id='line_1_23' title="bbox 1274 3721 4034 3822; baseline 0.002 -30"><span class='ocrx_word' id='word_1_162' title='bbox 1274 3721 1773 3812; x_wconf 74' lang='lat' dir='ltr'><strong>unqehundert</strong></span> <span class='ocrx_word' id='word_1_163' title='bbox 1827 3724 1978 3792; x_wconf 80' lang='lat' dir='ltr'><strong>und</strong></span> <span class='ocrx_word' id='word_1_164' title='bbox 2031 3723 2204 3793; x_wconf 79' lang='lat' dir='ltr'><strong>thun</strong></span> <span class='ocrx_word' id='word_1_165' title='bbox 2245 3722 2444 3791; x_wconf 73' lang='lat' dir='ltr'><strong>hund</strong></span> <span class='ocrx_word' id='word_1_166' title='bbox 2492 3721 2862 3814; x_wconf 70' lang='lat' dir='ltr'><strong>offentlieh</strong></span> <span class='ocrx_word' id='word_1_167' title='bbox 2905 3725 3034 3794; x_wconf 83' lang='lat' dir='ltr'><strong>mit</strong></span> <span class='ocrx_word' id='word_1_168' title='bbox 3089 3725 3359 3797; x_wconf 80' lang='lat' dir='ltr'><strong>diesem</strong></span> <span class='ocrx_word' id='word_1_169' title='bbox 3392 3727 3673 3820; x_wconf 82' lang='lat' dir='ltr'><strong>Brieffe</strong></span> <span class='ocrx_word' id='word_1_170' title='bbox 3725 3750 3864 3801; x_wconf 85' lang='lat' dir='ltr'><strong>vor</strong></span> <span class='ocrx_word' id='word_1_171' title='bbox 3904 3733 4034 3822; x_wconf 84' lang='lat' dir='ltr'><strong>je-</strong></span> 
     </span>
     <span class='ocr_line' id='line_1_24' title="bbox 1279 3842 4034 3939; baseline 0.003 -27"><span class='ocrx_word' id='word_1_172' title='bbox 1279 3842 1813 3933; x_wconf 74' lang='lat' dir='ltr'><strong>dermaniqlieh.</strong></span> <span class='ocrx_word' id='word_1_173' title='bbox 1926 3843 2285 3913; x_wconf 78' lang='lat' dir='ltr'><strong>Naehdem</strong></span> <span class='ocrx_word' id='word_1_174' title='bbox 2372 3842 2502 3912; x_wconf 81' lang='lat' dir='ltr'><strong>der</strong></span> <span class='ocrx_word' id='word_1_175' title='bbox 2581 3843 2918 3934; x_wconf 72' lang='lat' dir='ltr'><strong>Wilrdiye</strong></span> <span class='ocrx_word' id='word_1_176' title='bbox 3002 3844 3152 3914; x_wconf 80' lang='lat' dir='ltr'><strong>und</strong></span> <span class='ocrx_word' id='word_1_177' title='bbox 3228 3845 3591 3918; x_wconf 80' lang='lat' dir='ltr'><strong>Achtbare</strong></span> <span class='ocrx_word' id='word_1_178' title='bbox 3670 3850 4034 3939; x_wconf 72' lang='lat' dir='ltr'><strong>Mayt&#39;ster</strong></span> 
     </span>
     <span class='ocr_line' id='line_1_25' title="bbox 1283 3960 4033 4056; baseline 0.003 -26"><span class='ocrx_word' id='word_1_179' title='bbox 1283 3962 1678 4052; x_wconf 75' lang='lat' dir='ltr'><strong>Greyorius</strong></span> <span class='ocrx_word' id='word_1_180' title='bbox 1723 3960 2157 4055; x_wconf 78' lang='lat' dir='ltr'><strong>Schurtzaff,</strong></span> <span class='ocrx_word' id='word_1_181' title='bbox 2217 3960 2744 4035; x_wconf 77' lang='lat' dir='ltr'><strong>Thumdechant</strong></span> <span class='ocrx_word' id='word_1_182' title='bbox 2773 3964 2957 4033; x_wconf 84' lang='lat' dir='ltr'><strong>Paul</strong></span> <span class='ocrx_word' id='word_1_183' title='bbox 3015 3963 3338 4056; x_wconf 74' lang='lat' dir='ltr'><strong>Georyen</strong></span> <span class='ocrx_word' id='word_1_184' title='bbox 3386 3967 3700 4038; x_wconf 78' lang='lat' dir='ltr'><strong>Kirchen</strong></span> <span class='ocrx_word' id='word_1_185' title='bbox 3749 3990 3844 4040; x_wconf 84' lang='lat' dir='ltr'><strong>zu</strong></span> <span class='ocrx_word' id='word_1_186' title='bbox 3895 3969 4033 4042; x_wconf 87' lang='lat' dir='ltr'><strong>Al-</strong></span> 
     </span>
     <span class='ocr_line' id='line_1_26' title="bbox 1274 4078 4031 4177; baseline 0.003 -27"><span class='ocrx_word' id='word_1_187' title='bbox 1274 4078 1600 4171; x_wconf 67' lang='lat' dir='ltr'><strong>tantm-9,</strong></span> <span class='ocrx_word' id='word_1_188' title='bbox 1648 4081 1778 4149; x_wconf 83' lang='lat' dir='ltr'><strong>der</strong></span> <span class='ocrx_word' id='word_1_189' title='bbox 1815 4088 2004 4152; x_wconf 83' lang='lat' dir='ltr'><strong>etwa</strong></span> <span class='ocrx_word' id='word_1_190' title='bbox 2039 4081 2215 4173; x_wconf 77' lang='lat' dir='ltr'><strong>lanq</strong></span> <span class='ocrx_word' id='word_1_191' title='bbox 2252 4103 2482 4153; x_wconf 83' lang='lat' dir='ltr'><strong>unser</strong></span> <span class='ocrx_word' id='word_1_192' title='bbox 2508 4083 2829 4168; x_wconf 74' lang='lat' dir='ltr'><strong>Psarrer</strong></span> <span class='ocrx_word' id='word_1_193' title='bbox 2869 4083 3023 4154; x_wconf 79' lang='lat' dir='ltr'><strong>und</strong></span> <span class='ocrx_word' id='word_1_194' title='bbox 3048 4084 3400 4156; x_wconf 83' lang='lat' dir='ltr'><strong>Seelwart</strong></span> <span class='ocrx_word' id='word_1_195' title='bbox 3429 4094 3698 4177; x_wconf 73' lang='lat' dir='ltr'><strong>qewest</strong></span> <span class='ocrx_word' id='word_1_196' title='bbox 3751 4090 3852 4159; x_wconf 84' lang='lat' dir='ltr'><strong>ist</strong></span> <span class='ocrx_word' id='word_1_197' title='bbox 3898 4095 4031 4158; x_wconf 82' lang='lat' dir='ltr'><strong>ete.</strong></span> 
     </span>
    </p>
   </div>
   <div class='ocr_carea' id='block_1_8' title="bbox 1275 4399 4040 4692">
    <p class='ocr_par' dir='ltr' id='par_1_9' title="bbox 1275 4399 4040 4692">
     <span class='ocr_line' id='line_1_27' title="bbox 1454 4399 3839 4485; baseline 0.002 -21"><span class='ocrx_word' id='word_1_198' title='bbox 1454 4400 1512 4482; x_wconf 75' lang='grc' dir='ltr'><strong>ι)</strong></span> <span class='ocrx_word' id='word_1_199' title='bbox 1560 4401 1693 4465; x_wconf 81' lang='lat' dir='ltr'><strong>Der</strong></span> <span class='ocrx_word' id='word_1_200' title='bbox 1739 4399 1881 4484; x_wconf 85' lang='lat' dir='ltr'><strong>Hos</strong></span> <span class='ocrx_word' id='word_1_201' title='bbox 1913 4424 2016 4464; x_wconf 83' lang='lat' dir='ltr'><strong>um</strong></span> <span class='ocrx_word' id='word_1_202' title='bbox 2054 4404 2166 4466; x_wconf 83' lang='lat' dir='ltr'><strong>den</strong></span> <span class='ocrx_word' id='word_1_203' title='bbox 2211 4402 2423 4465; x_wconf 53' lang='lat' dir='ltr'><strong>zuond.</strong></span> <span class='ocrx_word' id='word_1_204' title='bbox 2470 4409 2568 4468; x_wconf 84' lang='lat' dir='ltr'><strong>cfr.</strong></span> <span class='ocrx_word' id='word_1_205' title='bbox 2620 4408 2922 4485; x_wconf 78' lang='lat' dir='ltr'><strong>Stephanus</strong></span> <span class='ocrx_word' id='word_1_206' title='bbox 2969 4409 3106 4467; x_wconf 76' lang='lat' dir='ltr'><strong>thes.</strong></span> <span class='ocrx_word' id='word_1_207' title='bbox 3155 4408 3240 4467; x_wconf 87' lang='lat' dir='ltr'><strong>ed.</strong></span> <span class='ocrx_word' id='word_1_208' title='bbox 3288 4408 3439 4466; x_wconf 71' lang='lat' dir='ltr'><strong>Hane</strong></span> <span class='ocrx_word' id='word_1_209' title='bbox 3486 4419 3537 4467; x_wconf 88' lang='lat' dir='ltr'><strong>et</strong></span> <span class='ocrx_word' id='word_1_210' title='bbox 3583 4410 3839 4469; x_wconf 86' lang='lat' dir='ltr'><strong>Dindorf.</strong></span> 
     </span>
     <span class='ocr_line' id='line_1_28' title="bbox 1448 4501 4040 4588; baseline 0.004 -26"><span class='ocrx_word' id='word_1_211' title='bbox 1448 4501 1512 4583; x_wconf 77' lang='lat'><strong>²)</strong></span> <span class='ocrx_word' id='word_1_212' title='bbox 1559 4506 1718 4563; x_wconf 85' lang='lat' dir='ltr'><strong>Viros</strong></span> <span class='ocrx_word' id='word_1_213' title='bbox 1754 4506 2006 4585; x_wconf 80' lang='lat' dir='ltr'><strong>Cygneos</strong></span> <span class='ocrx_word' id='word_1_214' title='bbox 2056 4507 2417 4579; x_wconf 82' lang='lat' dir='ltr'><strong>doctissimos,</strong></span> <span class='ocrx_word' id='word_1_215' title='bbox 2465 4530 2599 4586; x_wconf 85' lang='lat' dir='ltr'><strong>quos</strong></span> <span class='ocrx_word' id='word_1_216' title='bbox 2630 4521 2917 4588; x_wconf 78' lang='lat' dir='ltr'><strong>propterea</strong></span> <span class='ocrx_word' id='word_1_217' title='bbox 2965 4511 3089 4580; x_wconf 78' lang='lat' dir='ltr'><strong>adii,</strong></span> <span class='ocrx_word' id='word_1_218' title='bbox 3138 4515 3378 4587; x_wconf 86' lang='lat' dir='ltr'><strong>inprimis</strong></span> <span class='ocrx_word' id='word_1_219' title='bbox 3425 4513 3620 4588; x_wconf 77' lang='lat' dir='ltr'><strong>praecl.</strong></span> <span class='ocrx_word' id='word_1_220' title='bbox 3667 4513 4040 4572; x_wconf 82' lang='lat' dir='ltr'><strong>Ed.Flecbsi·</strong></span> 
     </span>
     <span class='ocr_line' id='line_1_29' title="bbox 1275 4608 3891 4692; baseline 0.004 -29"><span class='ocrx_word' id='word_1_221' title='bbox 1275 4612 1419 4686; x_wconf 83' lang='lat' dir='ltr'><strong>gium</strong></span> <span class='ocrx_word' id='word_1_222' title='bbox 1454 4612 1714 4688; x_wconf 83' lang='lat' dir='ltr'><strong>insignem</strong></span> <span class='ocrx_word' id='word_1_223' title='bbox 1763 4608 1889 4666; x_wconf 88' lang='lat' dir='ltr'><strong>mibi</strong></span> <span class='ocrx_word' id='word_1_224' title='bbox 1919 4608 2019 4667; x_wconf 82' lang='lat' dir='ltr'><strong>hac</strong></span> <span class='ocrx_word' id='word_1_225' title='bbox 2064 4614 2116 4667; x_wconf 90' lang='lat' dir='ltr'><strong>in</strong></span> <span class='ocrx_word' id='word_1_226' title='bbox 2161 4631 2218 4669; x_wconf 91' lang='lat' dir='ltr'><strong>re</strong></span> <span class='ocrx_word' id='word_1_227' title='bbox 2251 4616 2591 4688; x_wconf 76' lang='lat' dir='ltr'><strong>praestitisse</strong></span> <span class='ocrx_word' id='word_1_228' title='bbox 2625 4614 3046 4670; x_wconf 73' lang='lat' dir='ltr'><strong>benevolentiam</strong></span> <span class='ocrx_word' id='word_1_229' title='bbox 3071 4617 3385 4692; x_wconf 77' lang='lat' dir='ltr'><strong>gratissimo</strong></span> <span class='ocrx_word' id='word_1_230' title='bbox 3415 4617 3589 4671; x_wconf 80' lang='lat' dir='ltr'><strong>animo</strong></span> <span class='ocrx_word' id='word_1_231' title='bbox 3621 4616 3891 4690; x_wconf 81' lang='lat' dir='ltr'><strong>profiteor.</strong></span> 
     </span>
    </p>
   </div>
  </div>
 </body>
</html>
