4685 5991
2655 808 2698 879 8

1280 1023 1763 1110 exposuerunt
1817 1012 2354 1084 coronariorum
2410 1015 2692 1083 nomine
2753 1013 3088 1107 supplere
3157 1023 3226 1084 et
3280 1009 3394 1083 ubi
3454 1035 3734 1085 errasse
3792 1015 4043 1088 viden-

1280 1146 1418 1226 tur,
1474 1155 1601 1227 pro
1657 1134 1844 1205 virili
1903 1144 2099 1227 parte
2158 1135 2542 1224 corrigere.

1482 1252 1841 1324 Juventuti
1898 1251 2281 1323 Haloandri
2339 1251 2845 1323 faustissimum
2921 1251 3113 1323 sidus
3168 1250 3581 1350 affulsisse,
3636 1276 3840 1327 nemo
3917 1278 4047 1327 ne-

1278 1372 1493 1466 gabit.
1603 1372 1823 1445 Natus
1898 1378 2076 1443 enim
2147 1382 2257 1443 est
2326 1371 2614 1444 saeculo
2678 1380 2882 1441 sexto
2939 1370 3230 1457 decimo,
3286 1379 3403 1441 aut
3454 1373 3861 1447 imminente
3930 1386 4050 1449 aut

1271 1495 1419 1583 jam
1468 1490 1811 1587 exorto,¹)
1866 1514 2001 1585 quo
2057 1502 2372 1586 tempore
2430 1490 2872 1562 humanitatis
2923 1490 3149 1562 studia
3207 1490 3322 1560 diu
3377 1494 3670 1586 turpiter
3719 1493 4046 1589 neglecta

1281 1636 1319 1681 a
1375 1611 1665 1683 Graecis
1740 1623 1810 1683 et
1882 1612 2077 1683 Italis
2148 1615 2442 1706 pristino
2514 1610 2760 1682 honori
2835 1614 3152 1680 restituta
3220 1610 3306 1681 ad
3364 1609 3749 1685 Germanos
3822 1637 4050 1710 nuper

1280 1735 1727 1803 transierant.
1832 1732 2134 1803 Patriam
2207 1730 2444 1803 habuit
2499 1731 3000 1815 Zwiccaviam‚
3067 1728 3312 1800 urbem
3383 1729 3741 1803 Saxoniae
3817 1755 4047 1828 quon-

1281 1851 1436 1922 dam
1493 1856 1599 1923 sui
1647 1854 1830 1943 juris
1888 1852 2456 1947 celeberrimam,
2528 1873 2730 1944 quae,
2789 1872 2995 1942 quum
3044 1851 3189 1940 jam
3237 1849 3404 1921 olim
3458 1852 3697 1923 literas
3756 1856 3827 1923 in
3883 1856 4042 1924 sinu

1279 1969 1619 2066 fovisset,
1668 1982 1833 2042 tunc
1876 1972 2302 2067 Stephanum
2359 1969 2684 2042 Rothium
2739 1970 3028 2040 Latinae
3083 1980 3150 2040 et
3198 1969 3579 2063 Georgium
3629 1971 4043 2063 Agricolam

1282 2088 1598 2161 Graecae
1667 2091 1951 2184 linguae
2008 2093 2332 2163 doctores
2390 2098 2595 2160 nacta
2652 2099 2804 2160 erat
2857 2093 3346 2184 peritissimos.
3437 2090 3540 2162 Ita
3595 2088 3854 2163 factum
3913 2103 4046 2187 est,

1288 2221 1360 2282 ut
1393 2212 1680 2301 juvenis
1725 2211 2038 2283 discendi
2082 2212 2577 2306 cupidissimus
2628 2214 2979 2301 magistris
3024 2219 3338 2280 uteretur
3376 2213 3693 2305 inprimis
3743 2212 4045 2308 idoneis,

1280 2333 1396 2422 qui
1468 2334 1823 2422 ingenium
1895 2334 2050 2422 ejus
2114 2336 2373 2426 optime
2442 2329 2860 2401 excolerent
2928 2340 2997 2401 et
3043 2328 3153 2399 ad
3231 2330 3752 2424 limpidissimos
3823 2353 4041 2404 verae

1283 2449 1698 2522 eruditionis
1754 2449 1983 2522 fontes
2041 2454 2226 2521 viam
2283 2455 2350 2519 ei
2402 2459 2890 2521 monstrarent.

1294 2550 1303 2565 ’
1487 2547 1682 2656 Quae
1739 2568 2099 2662 hucusque
2171 2572 2874 2640 commemoravimus
2935 2573 3218 2664 scriptis
3276 2571 3552 2662 quidem
3624 2573 4049 2643 testimoniis

1282 2693 1533 2760 muniri
1594 2700 1980 2782 nequeunt,
2055 2712 2261 2783 quum
2316 2711 2450 2759 nec
2508 2687 2822 2783 publicas
2889 2687 3167 2761 tabulas
3214 2693 3534 2761 natorum
3590 2712 3723 2761 nec
3780 2690 4048 2763 indices

1284 2809 1782 2904 discipulorum
1849 2810 2492 2881 Zwiccaviensium
2575 2831 2667 2879 ex
2749 2809 2892 2880 illis
2971 2810 3403 2905 temporibus
3475 2821 3758 2882 exstare
3826 2821 4048 2883 testes

1282 2929 1419 3001 fide
1502 2930 1691 3023 digni
1777 2952 1901 3025 pro
1982 2940 2174 3002 certo
2257 2928 2421 3000 mihi
2508 2926 3051 3026 affirmaverint,
3163 2953 3296 3003 nec
3386 2932 3605 3003 ullum
3687 2930 3872 3003 aliud
3966 2931 4053 3001 de

1279 3060 1492 3140 gente
1541 3060 1609 3120 et
1650 3055 1920 3143 origine
1965 3049 2350 3120 Haloandri
2396 3048 2910 3144 documentum,
2962 3061 3292 3143 quantum
3344 3059 3770 3144 compertum
3813 3048 4049 3144 habui,

1286 3178 1581 3238 aetatem
1631 3169 1880 3239 tulerit.

1487 3288 1687 3374 Quod
1772 3299 1998 3359 autem
2088 3298 2466 3380 sequentes
2535 3291 2723 3359 vitae
2807 3309 3029 3358 annos
3101 3286 3342 3360 Nostri
3426 3309 3646 3381 usque
3731 3287 3818 3358 ad
3892 3290 4048 3379 ejus

1284 3405 1577 3477 reditum
1652 3430 1744 3477 ex
1815 3406 2017 3478 Italia
2089 3411 2363 3493 attinet,
2441 3429 2534 3478 ex
2588 3429 2723 3499 quo
2791 3410 3013 3501 ipsius
3080 3429 3333 3478 nomen
3404 3411 3476 3478 in
3548 3410 3853 3478 omnium
3921 3428 4050 3479 ore

1283 3525 1437 3620 fuit,
1494 3524 1903 3599 felicissime
1951 3531 2242 3620 contigit
2295 3527 2634 3597 nonnulla
2684 3548 2775 3597 ex
2831 3531 3140 3621 scriniis,
3188 3525 3303 3597 ubi
3359 3525 3748 3621 latitabant,
3797 3549 4049 3599 monu-

1285 3655 1514 3716 menta
1562 3651 1631 3717 in
1686 3647 1913 3717 lucem
1970 3668 2348 3738 revocare,
2406 3669 2613 3741 quae,
2668 3651 2728 3717 si
2775 3669 2928 3717 cum
2992 3647 3201 3720 rebus
3259 3643 3542 3718 aliunde
3603 3650 3788 3719 notis
3845 3668 4045 3718 com-

1287 3788 1639 3859 paramus,
1694 3767 1902 3838 valde
1959 3766 2123 3837 mihi
2178 3765 2431 3837 idonea
2488 3766 2812 3837 videntur
2863 3767 2950 3839 ad
3005 3767 3460 3840 illustrandas
3514 3766 3719 3859 hujus
3777 3766 4043 3862 periodi

1288 3887 1838 3958 vicissitudines.
3741 3895 3744 3898 ’

1495 4004 1707 4077 Varia
1765 4010 1949 4078 enim
2004 4011 2186 4076 inter
2239 4028 2318 4078 se
2368 4009 2639 4098 jactant
2692 4010 3097 4100 scriptores

1492 4125 1973 4198 Hausfritz
2009 4122 2062 4216 ²)
2122 4136 2365 4219 aperte
2416 4126 2802 4221 profitetur,
2858 4128 2943 4197 ad
3001 4131 3450 4220 conjecturas
3502 4128 4046 4221 confugiendum

1282 4307 2015 4319 7-———.————.—-—————-
2040 4311 2053 4316 -

1468 4415 1518 4486 ¹)
1577 4413 1843 4477 Quantum
1901 4415 2077 4470 valeat
2134 4430 2533 4494 argumentum,
2607 4418 2747 4492 quod
2804 4418 2963 4497 Hugo
3026 4419 3063 4476 Ι.
3110 4439 3157 4476 c.
3219 4437 3313 4493 pro
3371 4417 3575 4473 saeculi
3630 4422 3796 4493 quinti
3858 4417 4046 4474 decimi

1288 4521 1435 4573 exitu
1479 4516 1650 4585 affert,
1698 4518 1841 4572 infra
1886 4516 2205 4576 videbimus.

1459 4615 1527 4692 2)
1573 4621 1835 4678 Memoria
1884 4618 1981 4676 Gr.
2024 4618 2316 4678 Haloandri
2365 4621 2628 4690 (Norimb.
2680 4617 2888 4698 1736.)
2935 4616 3027 4699 ἕξ.
3061 4620 3139 4678 111
3166 4642 3286 4696 sqq.
3333 4642 3384 4697 p.
3417 4619 3455 4678 6
3502 4630 3554 4678 et
3599 4621 3658 4678 8.
